2670 3962
215 160 278 226 188
579 156 809 225 QUINTILIANI

214 346 276 410 que
308 323 348 390 ad
372 323 495 389 crimen
518 323 688 408 legemque
710 341 777 386 non
791 295 973 403 'pertinent
1021 317 1175 406 Sequitur

215 433 308 498 ergo,
339 415 376 476 ut
404 411 447 477 sit
474 411 659 496 proximum
687 410 821 494 crimen,
854 409 939 494 quod
966 409 1001 476 in
1027 409 1174 476 ministe-

214 503 264 568 rio
287 501 387 566 fuerit
409 501 477 564 filia
498 521 579 566 mea.
620 499 740 564 iterum
763 497 967 564 accusabitur
989 501 1174 584 paupertas.

215 589 293 675 quid
316 610 394 677 ergo
418 610 477 655 nos
500 588 605 654 facere
629 586 746 654 iubes?
770 607 876 654 emere
897 608 965 652 non
987 607 1175 672 possumus3
1272 605 1277 616 ·

179 693 195 744 ὁ
217 679 316 744 etiam
335 679 364 743 si
384 677 517 764 quidex
538 676 709 744 cotidianis
724 677 892 760 supererat
905 675 1081 760 lebetibus,
1100 675 1176 742 edu·

218 767 304 834 catio
324 766 482 832 exhausit.
505 769 690 832 mutuemur
708 784 788 851 ergo
803 767 836 830 et
850 763 966 829 alienis
985 764 1175 830 ministeriis

215 855 363 921 lautitias
373 857 498 922 vestras
508 853 683 939 imitemur,
693 856 850 939 quantum
860 855 968 937 potest
979 853 1174 938 quis<que>.

216 944 300 1028 apud
323 966 381 1010 vos
404 943 455 1008 illi
479 962 594 1029 greges
619 942 853 1026 ministrorum,
876 941 961 1025 apud
980 962 1038 1006 vos
1058 950 1175 1010 aurum

216 1035 249 1097 et
271 1035 452 1116 argenium.
490 1030 707 1097 ministerium
730 1051 807 1117 ergo
830 1029 895 1096 fuit
918 1051 957 1095 ex
980 1051 1064 1096 meo.
1106 1051 1176 1097 non

164 1138 196 1188 10
215 1124 265 1186 est
292 1120 378 1186 istud
407 1119 551 1186 deforme
577 1121 788 1206 pauperibus:
816 1141 892 1185 nam
920 1121 953 1184 et
976 1118 1063 1184 siin
1086 1119 1176 1186 aliud

216 1208 280 1274 diei
306 1212 436 1293 tempus
463 1208 646 1294 incidisses,
677 1213 748 1276 tum
776 1228 904 1294 quoque
926 1207 990 1273 tibi
1012 1206 1176 1274 videretur

216 1297 348 1364 ancilla:
376 1297 512 1364 vidisses
540 1320 641 1382 pensa
668 1297 851 1364 facientem.
896 1296 966 1361 filia
992 1296 1095 1380 igitur
1117 1296 1176 1362 mi·

214 1386 378 1468 nistravit,
401 1387 485 1452 sicut
507 1387 589 1452 mihi
613 1388 705 1454 solet.
750 1387 816 1452 nisi
838 1385 962 1452 veribus
986 1406 1105 1470 essem,
1132 1406 1176 1452 ne

213 1475 277 1541 tibi
304 1476 461 1541 invidiam
487 1475 559 1541 fieri
586 1479 732 1561 puberes,
759 1475 823 1541 nisi
850 1495 902 1540 me
930 1473 1091 1558 frequenti
1114 1472 1175 1540 hu·

163 1581 196 1631 15
215 1564 372 1630 munitate
404 1565 439 1630 in
469 1564 591 1630 honore
622 1565 803 1649 posuisses,
833 1583 894 1647 ego
927 1561 1176 1628 ministrassem.

215 1651 301 1718 Hinc
325 1674 453 1738 quoque
476 1674 615 1738 remove,
639 1652 725 1737 quod
747 1655 784 1716 tu
807 1650 928 1716 fecisti:
953 1671 1020 1716 non
1043 1654 1094 1716 est
1117 1650 1175 1716 cir·

215 1741 438 1826 cumscriptio,
466 1742 554 1827 quod
578 1742 800 1824 interrogatus
822 1738 1002 1806 verecunde
1023 1738 1176 1823 respondi

215 1834 261 1913 et,
290 1851 362 1896 eum
390 1830 472 1895 mihi
500 1835 607 1896 tecum
631 1829 792 1912 coepisset
813 1849 917 1893 novus
940 1849 1033 1912 usus,
1061 1827 1175 1894 erubui

215 1919 317 1984 videri
340 1920 408 1985 sine
432 1920 559 1985 ancilla.
601 1917 664 1984 hoc
686 1916 765 1982 mali
786 1916 888 1984 habet
910 1916 1061 1984 ambitus.
1100 1937 1175 2000 pec·

162 2025 196 2075 ao
215 2028 305 2073 casse
338 2029 389 2074 me
417 2008 535 2073 fateor:
569 2005 738 2072 dicendum
765 2006 830 2074 fuit
857 2027 979 2072 verum.
1029 2005 1086 2072 sed
1113 2005 1176 2072 hec

214 2117 320 2181 poene
348 2099 443 2181 potes
471 2117 540 2161 esse
568 2099 753 2161 contentus:
782 2117 848 2160 non
874 2095 995 2181 inpune
1016 2094 1089 2160 ieci
1135 2111 1176 2160 en

215 2207 297 2270 quae
317 2207 336 2250 a
355 2205 406 2249 me
424 2184 513 2249 facta
532 2187 618 2266 sunt,
636 2183 716 2249 haee
731 2187 821 2250 sunt:
839 2183 959 2267 hi<n>c
974 2205 1026 2250 me
1040 2184 1174 2248 circum·

217 2273 403 2357 scriptionis
427 2293 551 2354 accuse,
574 2272 659 2337 nihil
681 2272 752 2356 ipse
769 2273 895 2340 feceris.
928 2294 1007 2338 num
1026 2271 1122 2355 enim,
1146 2270 1175 2336 si
1234 2277 1238 2286 '

214 2367 251 2426 tu
280 2360 364 2426 nihil
392 2361 612 2445 concepisses,
638 2383 705 2427 non
732 2363 912 2446 rapuisses,
939 2363 1070 2445 poterat
1093 2358 1175 2425 mihi

162 2467 196 2518 25
216 2448 302 2515 obici
320 2449 600 2533 circumscriptio?
618 2450 681 2516 hoc
700 2471 778 2535 ergo
798 2450 912 2536 exigis,
929 2453 967 2516 ut
979 2467 1040 2532 ego
1054 2468 1174 2513 nocens

217 2538 279 2604 sim
301 2559 368 2604 non
392 2559 431 2603 ex
453 2559 525 2604 meo
549 2539 648 2624 laeto,
670 2539 728 2606 sed
751 2562 790 2605 ex
813 2545 881 2606 tuo.

282 2626 364 2712 Age,
386 2648 439 2692 res
461 2625 590 2712 quidem
608 2629 681 2713 ipsa
699 2628 833 2694 crimine
852 2628 950 2708 earet,
970 2622 1026 2688 sed
1045 2621 1173 2688 animm

216 2719 385 2799 suspectus
419 2716 491 2781 est?
529 2715 607 2803 quid
635 2720 686 2783 est
707 2715 830 2800 igitur?
867 2725 919 2777 me
943 2710 1095 2777 credibile
1123 2715 1175 2776 est

216 2804 499 2871 circumscribendi
517 2809 626 2871 mente
645 2803 780 2870 fecisse?
799 2800 999 2885 invitarint
1017 2799 1174 2884 raperes?

161 2910 196 2960 30
214 2913 318 2975 neque
342 2893 428 2958 enim
451 2898 581 2980 poteret
604 2891 758 2975 dubitari,
784 2890 863 2976 quin
886 2910 1066 2976 quaereres,
1090 2910 1174 2974 quae

216 2981 431 3070 ministrarem
454 2987 576 3048 etcum
595 2981 841 3064 interrogasses,
862 2981 986 3045 certum
1006 2980 1077 3043 erat
1095 2977 1175 3062 fore,

286 3163 302 3212 6
321 3157 496 3212 intuemur!
510 3155 519 3225 ΙΙ
534 3161 549 3210 'l
569 3154 750 3210 lautitias
768 3159 791 3207 Δ
805 3156 814 3224 ΙΙ
827 3153 974 3210 mittemur
986 3150 1175 3223 B,'imitamur

214 3233 234 3280 Ρ
256 3229 265 3297 l
289 3226 446 3300 qnis(que>
463 3226 518 3281 Scir
539 3227 549 3296 ΙΙ
574 3232 607 3282 10
626 3227 670 3281 est
689 3241 739 3282 om.
758 3229 823 3280 Aa!
844 3227 854 3295 l
877 3231 910 3280 12
929 3241 1044 3295 pena
1062 3227 1085 3276 Δ
1107 3225 1111 3293 Ι
1140 3229 1175 3278 14

213 3298 346 3355 invidia
364 3301 410 3369 Al
429 3304 462 3352 19
482 3296 597 3352 abitus
616 3297 709 3366 Alii
729 3298 758 3352 et
777 3300 834 3364 AB,
852 3313 922 3352 corr.
937 3295 981 3352 Ro
994 3297 1005 3366 l
1018 3301 1052 3352 22
1067 3293 1098 3350 hi
1118 3293 1174 3368 n>o
1256 3327 1262 3336 ·

213 3369 257 3425 Ro
270 3370 279 3439 ΙΙ
294 3374 328 3494 ξδ
342 3371 374 3492 ull
388 3385 455 3439 ergo
469 3387 496 3424 n.
506 3373 547 3422 Aa
560 3370 569 3438 ΙΙ
583 3373 689 3424 ‘ri—28
699 3367 807 3423 animos
815 3367 957 3438 dispectus
966 3372 1008 3421 Aa
1021 3369 1030 3438 l
1044 3371 1079 3422 30
1088 3382 1174 3435 quaa·

212 3457 276 3496 rens
317 3471 348 3479 -
