2682 3956
389 168 706 226 DECLAMATIONES.
727 169 850 226 CCOXL.
1037 171 1101 237 343

141 335 235 398 tanta
252 291 425 418 aarum>
456 355 566 399 rerum
596 333 776 398 differentia
800 336 850 399 est
875 333 911 398 in
934 333 1041 400 eausis
1064 334 1102 399 li-

142 421 289 488 bertatis.
338 422 374 486 in
409 421 561 487 libertate
599 426 651 487 est
682 421 796 507 igitur,
833 421 978 506 quisquis
1016 426 1104 489 earet

142 509 249 576 forme
271 510 448 576 servitutis.
489 511 532 594 id,
555 510 691 594 iudices,
715 532 754 574 ex
775 509 837 576 hae
859 511 933 594 ipss
955 510 1027 596 lege
1051 510 1104 576 ed·

5 653 7 662 ,
142 597 207 664 hue
236 598 446 664 menifestum
477 602 535 664 est
580 599 694 664 etenim
724 599 835 682 legum
866 599 951 664 letor
977 599 1107 682 putavit

144 687 244 752 etism
272 708 341 771 eos,
371 687 427 771 qui
455 709 475 752 s
503 687 643 752 dominis
670 686 751 771 fuge
779 687 944 770 abessent,
974 708 1045 752 esse
1072 687 1142 754 int

143 773 315 841 libertate:
347 775 433 859 quod
457 774 576 861 colligo
600 775 724 859 seripto
748 775 831 841 eius:
861 775 949 860 >qui
972 777 1107 842 volun-

143 866 225 928 tate
249 863 396 930 domini
417 864 456 928 in
479 863 668 929 libertate
691 862 840 930 fuerit<
872 867 1023 948 apparet,
1048 864 1107 929 sli-

143 971 225 1034 quos
259 955 291 1016 et
322 974 390 1017 non
421 953 589 1017 voluntate
622 952 745 1018 domini
775 953 811 1017 in
843 952 995 1018 libertate
1026 974 1107 1018 esse.

144 1039 231 1122 quod
254 1041 282 1105 si
305 1061 416 1106 verum
439 1044 507 1125 est,
529 1043 641 1124 potest
667 1041 702 1106 in
728 1039 881 1106 libertate
909 1063 979 1106 esse
1007 1041 1107 1107 etiam

143 1128 201 1211 qui
225 1127 309 1194 liber
335 1149 401 1194 non
426 1133 484 1194 est.
1127 1145 1161 1198 10

212 1231 305 1297 Nihil
329 1252 408 1318 ergo
426 1234 560 1319 prodest
576 1235 648 1319 tibi,
671 1256 743 1299 eum
762 1234 852 1317 dieis,
874 1234 1014 1299 liberum
1033 1255 1107 1300 eum

143 1341 212 1387 non
234 1320 344 1386 fuisse.
389 1343 456 1387 non
478 1323 565 1388 enim
588 1323 768 1407 quaeritur,
796 1345 839 1388 sn
859 1325 1028 1389 voluntate
1049 1327 1108 1388 tua

145 1408 229 1474 liber
246 1409 355 1492 tuerit,
378 1410 434 1474 sed
453 1431 495 1477 an
514 1409 684 1476 voluntate
702 1415 760 1475 tus
777 1411 812 1474 in
829 1411 982 1475 libertate
1000 1411 1106 1476 fuerit.

144 1498 175 1648 ii
193 1498 363 1564 voluntate
385 1502 443 1563 tua
466 1499 550 1564 liber
560 1501 652 1581 [non]
663 1498 789 1584 fuisset,
812 1498 889 1582 quid
911 1520 972 1565 nos
995 1502 1107 1585 postu·

160 1586 310 1651 aremus?
1128 1606 1161 1655 15

213 1689 375 1776 Depulsus
398 1693 461 1758 hee
478 1714 589 1780 pugna
607 1693 808 1760 transcendit
827 1715 879 1779 eo,
901 1698 939 1759 ut
957 1696 1055 1780 neget
1072 1696 1109 1760 in

145 1778 291 1846 libertate
314 1780 431 1847 saltem
454 1782 562 1849 fuisse,
594 1782 756 1867 quemodo
775 1782 876 1867 igitur
895 1782 1109 1867 colligemus?

77 1917 83 1928 .
146 1890 228 1951 sum,
253 1870 308 1954 qui
331 1870 366 1935 in
388 1869 539 1936 libertate
559 1872 668 1956 <non>
688 1875 748 1956 est,
770 1871 888 1955 quibus
908 1872 1109 1957 argumentis

146 1957 339 2044 colligemus
355 1959 460 2039 fuisse
477 1961 512 2024 in
528 1960 703 2025 libertate?
723 1961 868 2045 signavit
882 1960 1008 2045 aliquis,
1026 1964 1108 2025 tam-

147 2067 246 2130 quam
270 2047 369 2111 liber:
393 2047 421 2112 si
444 2049 479 2112 id
499 2049 667 2114 voluntate
690 2049 812 2114 domini
835 2048 958 2132 feeerit,
981 2049 1110 2114 etiamsi
1129 2067 1163 2116 2ο

146 2135 287 2198 maxime
310 2135 403 2199 illum
427 2157 556 2201 servum
580 2158 649 2202 esse
673 2137 822 2202 dominus
845 2137 949 2202 voluit
971 2158 1010 2202 eo
1028 2141 1110 2202 tem-

146 2241 234 2304 pore,
246 2221 457 2287 manifestum
466 2225 528 2288 erit
534 2223 677 2306 (fuisse)
687 2225 721 2288 in
732 2224 898 2290 libertate:
910 2225 955 2289 sie
964 2227 1110 2310 quisquis

149 2308 272 2393 aliquid
294 2331 354 2392 pro
378 2309 478 2376 libero
501 2310 584 2376 feeit.
617 2313 708 2395 atqui
726 2311 780 2377 hie
799 2334 879 2396 puer
897 2333 965 2377 non
982 2317 1110 2379 tantum

148 2417 207 2481 pro
228 2396 341 2480 libere,
365 2398 421 2462 sed
442 2399 541 2463 etism
559 2421 619 2484 pro
638 2401 780 2482 ingenuo
800 2404 862 2465 est:
886 2405 1110 2485 praetextatus

147 2485 220 2552 fuit.
266 2486 294 2550 si
323 2484 424 2551 telem
451 2486 545 2552 illum
573 2488 614 2552 ed
641 2487 761 2552 iudices
784 2488 1021 2573 perduxissem,
1048 2490 1111 2554 hoe
1129 2505 1163 2556 25

148 2574 277 2661 insigne
303 2595 372 2638 non
402 2576 558 2657 [tantum]
587 2575 750 2641 libertatis
779 2575 891 2660 modo,
923 2577 979 2641 sed
1012 2578 1110 2643 etism

149 2661 318 2748 dignitatis
339 2666 434 2729 esset
457 2664 649 2749 eequid[em]
663 2686 773 2751 paves,
789 2685 831 2729 ne
850 2666 955 2730 scelus
973 2664 1111 2731 feceris?

221 2877 236 2924 1
256 2869 397 2945 (harum)
415 2872 460 2929 Ro
483 2875 493 2944 ΙΙ
517 2889 602 2928 cause
619 2878 643 2926 A
656 2876 666 2945 11
685 2877 701 2928 2
720 2890 780 2929 esse
798 2878 820 2927 B
839 2875 849 2944 t
867 2881 883 2929 3
901 2873 951 2930 idd
969 2875 1029 2943 An,
1047 2873 1113 2931 vide

149 2942 252 3010 Pnex]
271 2944 392 3008 etBflt
410 2960 467 2999 non
486 2944 561 3000 enim
578 2949 636 3014 n,
655 2961 724 3001 cerr.
744 2946 788 3000 Re
807 2948 841 3016 Ιδ
861 2961 879 3000 s
896 2962 946 3002 om.
965 2945 1114 3016 Bfldomi·

150 3030 200 3066 nus
219 3016 253 3078 B,
272 3010 401 3067 dominos
420 3019 440 3066 Ρ
458 3016 468 3085 Ι]
484 3013 567 3085 fugiit
585 3019 619 3083 B,
638 3015 751 3086 fugerat
768 3022 789 3069 1²
807 3017 811 3086 Ι
826 3023 859 3071 13
877 3016 963 3086 liber]
982 3017 1012 3070 in
1028 3017 1114 3071 liber·

152 3084 212 3138 tete
231 3087 251 3135 B
274 3084 285 3152 [1
306 3085 357 3136 tus
379 3100 430 3140 om.
453 3089 473 3137 B
495 3087 506 3156 ΙΙ
530 3091 563 3140 14
581 3083 606 3139 si
624 3085 757 3142 libertate
775 3087 922 3143 voluntate
940 3090 979 3140 Ba
1000 3088 1010 3158 [Ι
1033 3086 1114 3159 [non]

149 3155 210 3211 edd.
225 3154 235 3222 n
249 3159 283 3208 1⁷
306 3153 427 3210 liberum
445 3157 512 3210 tune
531 3156 633 3210 saltem
650 3160 709 3224 n,
726 3156 757 3210 in
775 3157 908 3212 libertate
925 3159 999 3212 tune·
1013 3157 1116 3212 saltem

150 3223 205 3289 θη·
225 3225 311 3280 delevi
327 3227 396 3280 tunc
409 3227 419 3296 ΙΙ
434 3230 467 3280 18
485 3224 584 3299 <non)
601 3226 647 3282 Ro
664 3227 673 3296 ΙΙ
693 3232 726 3281 19
745 3243 807 3282 esse
825 3231 878 3296 n,
897 3243 966 3282 cess.
985 3227 1038 3283 Set
1056 3229 1114 3298 i20
1150 3240 1152 3244 ’

149 3293 179 3347 in
197 3298 261 3363 An,
280 3311 349 3352 sorr.
368 3299 426 3352 Aer
447 3298 457 3368 ΙΙ
475 3303 509 3352 21
529 3296 720 3352 maximumB
743 3299 753 3366 ῃ
773 3303 808 3352 22
826 3296 953 3371 (fuisse)
971 3301 1029 3354 Aer
1045 3301 1056 3368 ΙΙ
1078 3299 1116 3355 sit

150 3367 212 3432 As,
231 3381 300 3420 eorr.
319 3369 399 3434 Aern
418 3373 452 3423 28
470 3368 566 3424 *facit
582 3371 633 3421 AB
647 3368 657 3438 ΙΙ
670 3369 752 3439 pater
770 3369 862 3438 31126
882 3369 1016 3442 [tantum]
1036 3369 1091 3428 sot
1105 3371 1115 3442 Η

150 3439 185 3489 27
205 3437 333 3503 equidem
353 3442 413 3505 AB,
432 3455 500 3496 coer.
519 3440 564 3496 Ro
