2692 3960
217 140 284 206 314
585 139 814 206 QUINTIHANI

217 325 288 370 esse
311 303 466 388 aliquem,
496 305 552 388 qui
575 303 609 368 in
632 304 766 368 summis
789 303 837 367 rei
859 303 1023 387 publicae,
1050 306 1087 368 ut
1108 308 1180 369 tum

215 392 395 477 videbatur,
416 392 580 477 periculis,
603 395 767 458 excuteret
789 391 971 457 veritatem
1009 391 1181 458 dicebatur

215 481 364 566 proditor
396 481 530 564 aliquis3
563 481 727 546 clamabat
761 480 888 546 delator
919 481 971 544 ›si
1002 480 1085 545 mihi
1117 503 1181 547 vox

216 574 312 650 esset,
336 571 365 634 si
384 569 461 654 quid
480 569 684 654 eloquentiae
702 574 820 635 natura
837 569 1016 653 tribuisset,
1038 570 1105 635 iem
1123 592 1180 636 vo-

181 658 268 724 cbis
291 658 518 744 ostendissem,
541 680 625 744 qnae
649 680 722 724 cum
744 657 841 724 hoste
862 658 1070 743 commercia,
1093 660 1180 743 qnod

216 747 390 813 discrimen
417 747 519 812 totius
546 748 595 812 rei
622 748 785 832 publicae,
818 769 915 832 quam
945 745 1027 812 baec
1061 748 1181 834 omnia,

217 858 300 920 quae
322 837 358 901 in
381 838 558 920 conspectu
580 840 665 921 sunt,
687 837 723 901 in
740 835 858 902 ultimo
876 834 1020 919 periculo
1040 840 1180 929 essent(

215 924 323 991 hicine
356 947 443 1004 eum,
474 925 529 1008 qni
557 946 707 991 accusare
733 945 829 1009 posse
855 924 1040 1010 ridebatur,
1071 928 1180 990 tacere

217 1013 404 1097 oporteret?
440 1011 524 1078 Mihi
546 1014 641 1080 aliter
663 1012 826 1099 agendum
848 1016 908 1078 est
944 1033 1005 1099 ego
1029 1012 1178 1078 utilitati-

164 1117 197 1165 10
215 1100 276 1166 bus
308 1101 449 1186 publicis
480 1104 596 1168 contra
627 1103 831 1168 restitissem
893 1122 954 1188 ego
987 1122 1065 1167 vero
1099 1102 1201 1167 haec.

217 1190 324 1256 omnia
348 1192 478 1277 †supra
500 1193 582 1278 me†
604 1191 803 1277 maluissem,
825 1212 924 1275 quam
946 1194 1040 1256 tanta
1061 1190 1180 1256 merita

217 1279 380 1363 asperiore
415 1280 484 1345 ulla
516 1302 595 1346 voce
627 1280 759 1345 violare.
804 1279 861 1345 sed
888 1279 1076 1346 necessitati
1103 1278 1179 1366 quid

216 1367 355 1433 faciam?
378 1369 430 1433 lex
453 1369 589 1454 optandi
610 1371 786 1453 patronum
808 1367 861 1433 ius
884 1369 998 1435 dabat:
1021 1390 1073 1434 me
1093 1368 1179 1434 dela·

215 1459 269 1521 tor
292 1461 471 1540 optaverat
516 1458 604 1543 doce,
630 1457 705 1542 quid
728 1457 856 1523 faciam.
901 1458 1026 1522 delator
1048 1458 1099 1522 ius
1122 1457 1179 1522 ha·

163 1558 197 1608 15
215 1545 279 1611 bet.
326 1549 439 1612 contra
466 1568 595 1613 omnem
623 1568 731 1612 meam
759 1546 1020 1630 deprecationem
1047 1545 1177 1631 publica

216 1634 407 1700 auctoritate
433 1635 556 1700 nititur.
610 1634 808 1702 conscientia
835 1655 887 1700 me
916 1633 1044 1700 hercule
1071 1634 1178 1700 facere

215 1721 279 1786 hoc
302 1721 428 1790 viderer
451 1745 489 1789 ac
511 1724 669 1809 timuisse,
691 1745 731 1788 uc
755 1721 783 1788 si
805 1722 855 1786 illi
878 1745 994 1789 causae
1017 1746 1082 1789 vox
1103 1745 1177 1790 con-

214 1810 359 1897 tigisset,
391 1812 426 1876 in
455 1813 597 1879 medium
627 1812 755 1878 'scelera
781 1810 959 1896 prodirent.
1011 1833 1073 1898 ego
1100 1832 1178 1878 vero

216 1901 343 1984 suscepi
365 1921 495 1967 causam
519 1923 579 1968 nec
601 1900 708 1984 timui,
730 1920 771 1964 ne
788 1899 960 1968 vincerem.
992 1923 1058 1967 non
1076 1901 1179 1987 igitur

163 2002 197 2052 20
216 1987 345 2054 obicere
377 1989 475 2056 debes
506 1990 601 2075 mihi,
637 1990 671 2053 in
704 1986 790 2072 quod
823 1995 954 2056 coactns
987 2012 1073 2055 sumt
1109 1989 1179 2075 illa,

215 2098 297 2162 qnae
330 2077 461 2145 fuerunt
492 2079 526 2142 in
558 2099 630 2142 mea
660 2079 842 2161 potestate,
869 2078 898 2143 si
930 2078 1178 2163 deprehendisti,

216 2166 364 2252 ostende3
398 2169 426 2233 si
458 2168 566 2232 vultus
598 2164 751 2248 infestus,
784 2165 813 2230 si
839 2188 903 2232 vox
934 2167 1116 2252 incitatior,
1150 2167 1178 2232 si

216 2254 294 2339 quid
321 2257 409 2321 ultra
435 2254 674 2320 necessitatem.
727 2252 841 2339 Neque
869 2257 934 2321 ista
962 2276 1022 2342 ego
1051 2257 1177 2342 inputo.

214 2364 281 2408 non
310 2345 393 2409 enim
422 2346 583 2427 poteram,
616 2364 720 2429 neque
748 2348 819 2410 erat
847 2344 1000 2411 adversus
1023 2345 1178 2411 innocen-

162 2445 196 2496 25
216 2430 296 2497 tiam
320 2436 411 2497 tuam
435 2426 566 2515 inge'nio
584 2432 683 2498 locus.
725 2433 837 2518 itaque
860 2433 993 2499 discessi
1016 2457 1036 2498 a
1058 2432 1177 2499 iudicio

215 2519 341 2605 laetior,
365 2541 461 2604 quam
487 2540 561 2585 reus
586 2520 671 2606 ipse,
693 2525 726 2586 et
750 2522 843 2587 velut
864 2521 960 2585 editis
981 2521 1177 2585 necessitate

216 2609 323 2692 operis
356 2607 396 2672 ad
429 2609 682 2693 gratulationem
715 2608 849 2675 cucurri.
900 2629 959 2672 nec
993 2628 1044 2672 me
1079 2608 1109 2673 ei
1141 2608 1178 2675 in

214 2696 375 2780 reliquum
416 2697 521 2763 eximo
562 2702 699 2783 tempus.
766 2695 881 2761 debere
918 2695 1088 2761 confiteor:
1126 2697 1178 2785 da,

215 2803 310 2866 quem
334 2784 516 2870 defendam3
552 2787 606 2871 da,
628 2807 688 2870 pro
711 2805 774 2868 quo
797 2783 920 2867 loquar.
967 2784 994 2848 si
1020 2784 1097 2870 quid
1121 2786 1177 2852 ed-

161 2886 196 2936 oo
214 2892 327 2938 versus
340 2873 434 2940 illum
452 2874 720 2941 nocentissimum
739 2871 917 2938 delatorem
935 2873 1082 2940 invenire
1100 2896 1175 2960 pos·

287 3070 300 3119 1
320 3084 429 3122 summa
446 3065 546 3133 B-Pll
566 3069 582 3119 2
602 3065 800 3120 excuteret
818 3065 894 3135 1115
914 3065 1091 3122 ostenderem
1109 3066 1177 3138 130st

215 3141 231 3191 6
248 3136 336 3192 totius
355 3154 406 3194 om.
425 3142 446 3188 1’
463 3137 473 3205 ΙΙ
491 3141 507 3190 8
526 3134 573 3189 hic
590 3151 636 3189 me
654 3151 719 3190 eum
737 3136 922 3205 Blaccusari
940 3139 991 3189 ΔΒ
1005 3138 1015 3207 ΙΙ
1030 3143 1064 3193 10
1083 3137 1175 3193 stetis·

214 3222 272 3261 sem
291 3209 351 3263 edd.
365 3209 375 3277 fl
387 3223 452 3263 vere
470 3207 514 3276 ΒΙΙ
533 3211 566 3259 11
587 3222 717 3276 suprema
736 3206 801 3273 our,
820 3207 957 3290 supprimi
975 3207 1026 3276 Gr,
1045 3224 1175 3333 spernere

213 3275 280 3348 ΒοΙΙ
297 3283 328 3332 16
348 3278 501 3333 auctoritas
519 3280 580 3344 AB,
600 3293 668 3332 corr.
688 3279 746 3334 Aer
759 3279 768 3347 ΙΙ
787 3283 819 3332 17
839 3278 952 3333 videtur
969 3281 1003 3346 B,
1027 3278 1056 3334 vi
1076 3280 1177 3335 ebatur

213 3346 257 3402 Bo
276 3349 285 3417 ΙΙ
306 3355 337 3403 19
356 3350 482 3405 vincerer
500 3351 563 3415 ΔΒ,
587 3364 655 3405 corr.
678 3347 720 3404 Gr
737 3350 746 3418 n
765 3353 800 3402 20
818 3348 889 3402 mihi
907 3349 937 3403 id
955 3348 1032 3418 quod
1049 3349 1094 3406 Ro
1112 3352 1122 3420 ΙΙ
1142 3355 1175 3405 21

212 3417 242 3469 in
261 3417 354 3471 media
371 3420 512 3488 potestate
529 3419 621 3487 111119
640 3420 794 3488 proloquar
811 3422 832 3471 B
1224 3443 1234 3464 ι
