2682 3956
229 111 295 178 398
594 112 825 180 nummum

228 275 328 341 illos?
363 275 502 361 nescire,
532 276 608 357 quid
630 276 865 360 pronuntient?
900 277 1081 342 etiamnum
1110 300 1192 365 ergo

229 385 405 450 suspensos
433 365 574 448 <esse>?
610 387 667 430 cur
693 365 817 430 dimitti
843 365 1005 449 postules,
1036 367 1066 430 si
1092 367 1191 433 iudex

229 452 412 519 deliberet?
451 453 599 538 „plures,
630 455 750 538 iuquit,
782 475 836 518 me
867 454 953 519 mori
983 455 1192 521 uolueruut“.

229 541 308 626 quid
324 541 427 627 igitur
445 541 562 627 velint,
584 543 774 626 pronunties
793 546 934 626 oportet
965 543 1099 608 illorum
1117 567 1191 609 seu·

126 659 138 672 ·
193 630 367 696 atentiam
390 631 519 716 signare
542 631 631 696 volo:
654 635 825 696 accusator
845 631 983 696 recitare
1005 631 1058 696 his
1076 633 1191 698 iudici·

228 719 290 784 bus
309 719 395 802 volo,
412 723 451 784 ut
467 718 620 804 habeant,
638 719 724 804 quod
742 723 927 804 sequuntur.
953 719 1057 802 „Duo
1073 721 1191 806 iuquit,

228 807 362 872 exilium
384 807 467 872 milri
493 807 698 892 iniunguut“
732 806 803 872 Iam
825 807 927 892 igitur
948 829 988 873 ex
1005 813 1100 892 purte
1123 833 1189 875 uns

227 896 340 980 plures
361 895 458 978 sscis3
479 895 547 960 ism
569 897 700 960 turbem
722 897 832 980 istam,
854 917 938 978 quse
959 899 1112 963 universe
1132 920 1192 963 no-

228 987 329 1063 ceret,
352 983 524 1048 dividendo
547 984 718 1068 extinguis.
754 985 819 1049 duo
842 985 989 1067 exilium,
1011 985 1075 1050 duo
1097 987 1190 1071 igno
1304 995 1309 1006 ·

176 1071 364 1138 sominium
387 1072 617 1156 pronuntient:
644 1073 695 1136 vis
717 1093 779 1156 ego
802 1073 877 1137 illos
898 1074 1053 1159 iungam,
1075 1075 1132 1159 qui
1154 1097 1191 1140 se

228 1160 294 1246 ipsi
317 1159 488 1225 dividunt?
523 1166 686 1226 revertere
711 1183 798 1226 nunc
825 1161 866 1226 ad
894 1163 994 1227 verbe
1023 1162 1122 1248 legis,
1150 1168 1191 1229 ut

227 1248 328 1332 paulo
350 1255 433 1314 ente.
465 1271 600 1334 >quum
622 1271 798 1333 poenam,
820 1251 935 1334 iuquit,
958 1251 1081 1316 maior
1097 1274 1189 1336 pars

227 1337 397 1403 iudicum
420 1339 640 1403 statuerit<
687 1345 815 1424 partem
837 1339 1060 1424 intellegimus
1084 1340 1191 1406 eidem

227 1448 364 1491 numero
394 1427 605 1512 adplicatam,
634 1427 903 1512 quemadmodum
928 1429 1090 1492 sententie
1113 1451 1190 1493 con-

176 1527 210 1579 15
227 1513 388 1599 iunctam,
414 1516 463 1580 sic
485 1516 591 1580 turbs
624 1516 745 1600 alioqui
768 1516 797 1580 si
819 1517 954 1581 miscere
976 1517 1038 1580 tibi
1062 1521 1096 1581 et
1116 1520 1189 1581 iuu-

228 1623 307 1687 gere
329 1603 558 1668 dissentientes
580 1605 668 1689 lieet,
690 1626 747 1670 cur
764 1605 826 1669 hos
843 1609 911 1669 tres
930 1605 1085 1690 separas?
1112 1628 1191 1691 quo

227 1691 324 1757 modo
347 1691 435 1757 enim
456 1691 492 1757 hi
515 1693 557 1757 ab
581 1693 648 1757 illis
671 1697 826 1778 quattuor
847 1693 1045 1776 discrepant,
1069 1696 1117 1759 sic
1138 1694 1190 1759 illi

227 1781 314 1845 inter
342 1802 377 1845 se
404 1787 562 1866 pugnent
607 1802 686 1867 ergo
712 1803 779 1846 non
807 1781 895 1846 idem
923 1783 1099 1847 sentientes
1120 1805 1191 1848 non

227 1871 322 1953 potes
344 1869 491 1955 iungere:
524 1869 610 1934 idem
634 1869 810 1934 sentientes
833 1892 994 1954 compare.
1039 1892 1110 1956 ego,
1132 1871 1190 1954 qui

175 1971 209 2022 2⁰
227 1961 367 2021 mortem
389 1959 612 2042 pronuntient,
634 1962 702 2023 tres
724 1957 843 2024 habeo:
872 1958 995 2042 produc
1017 1958 1102 2041 illos,
1131 1961 1190 2042 qui

228 2045 360 2110 exilium
375 2047 601 2129 pronuntiant:
619 2048 727 2130 viuco;
745 2047 876 2130 produc,
890 2049 946 2132 qui
959 2047 1192 2132 ignominium:

229 2155 331 2218 aeque
353 2135 457 2200 vinco.
490 2135 634 2201 dubitari
657 2139 767 2221 potest
789 2136 1003 2200 valentiorem
1027 2159 1097 2200 esse
1115 2157 1189 2219 par-

227 2226 307 2308 tem,
338 2245 421 2308 quae
454 2224 635 2308 composita
661 2223 768 2287 neutri
791 2224 986 2306 succumbit,
1017 2229 1190 2308 utramque

228 2311 385 2395 superet?
422 2311 521 2395 quid?
556 2312 585 2376 si
613 2313 700 2376 enim
727 2317 883 2396 quattuor
909 2313 996 2376 illi'
986 2335 1021 2376 1u
1050 2313 1190 2377 totidem

174 2413 209 2463 77
228 2397 432 2483 disputarent
450 2400 645 2465 sententies:
666 2401 823 2492 numquid
841 2401 919 2465 illos
941 2422 1000 2484 pro
1014 2422 1080 2465 unu
1092 2406 1188 2485 parte

227 2488 432 2573 opponeres?
460 2510 556 2553 nemo
580 2489 650 2553 sine
673 2483 771 2553 dubio
795 2511 868 2554 cum
890 2489 997 2553 tribus
1020 2491 1101 2553 meis
1120 2495 1188 2553 sta·

227 2583 291 2662 ret,
315 2577 371 2641 sed
394 2597 489 2642 nemo
517 2577 613 2641 elteri
636 2582 723 2641 esset
750 2576 936 2642 adiunctus:
968 2577 1124 2679 numquid
1148 2599 1188 2643 ex

227 2627 384 2749 qudttuor
406 2665 576 2730 sententiis
595 2688 694 2730 unum
713 2687 829 2749 corpus
849 2663 1017 2730 efficeres?
1043 2666 1186 2731 minime.

227 2756 262 2817 ut
284 2752 362 2837 quid
381 2753 526 2838 interest,
502 2754 618 2819 tbini
642 2774 685 2818 au
703 2753 825 2838 singuli
842 2753 1062 2818 dissentient?
1084 2775 1187 2838 seque

299 2897 313 2946 1
332 2890 531 2962 pronunciaret
547 2896 569 2945 Β
585 2894 596 2961 Ι
614 2897 630 2947 7
649 2893 793 2962 suspectos
810 2896 832 2945 Β
834 2895 867 2995 Ι
888 2890 1054 2966 <esse>1to
1081 2894 1091 2963 l
1113 2900 1185 2950 4-o

225 2963 380 3018 sententies
398 2966 419 3015 Β
437 2964 447 3034 Ι
464 2967 535 3017 7-6
553 2962 688 3017 iudicium
705 2967 745 3016 Βι
765 2965 807 3045 ι
799 2962 849 3018 7*
854 2981 890 3033 ep
891 2965 951 3018 erte
969 2968 1018 3017 ΔΒ
1036 2967 1046 3034 l}
1065 2971 1099 3018 10
1118 2981 1186 3034 ergo

225 3037 267 3088 Δι
279 3033 310 3105 Ι
301 3033 445 3104 ruiuugum
463 3033 535 3140 Β]
524 3038 555 3087 11
575 3035 604 3088 et
616 3036 660 3103 ΒΙ
676 3039 708 3088 18
722 3034 856 3088 iudrcium
871 3037 894 3085 Δ
907 3037 917 3104 Ι
929 3037 1060 3104 partem
1078 3038 1102 3086 Δ
1114 3036 1125 3103 Ι
1138 3050 1189 3089 eo·

226 3105 433 3190 dernlllt—
404 3111 472 3159 —14
511 3103 601 3160 eidem
619 3105 750 3174 uniedp.
770 3103 860 3186 (Μ.
879 3108 946 3171 402
960 3110 1014 3160 8
1015 3107 1143 3174 9114-
1115 3110 1184 3160 -1o

226 3177 375 3232 coniuncte
392 3180 413 3229 Β
436 3177 446 3248 fl
470 3175 600 3231 lt—lt
591 3194 622 3230 1n
640 3191 742 3246 genere
760 3179 784 3227 Δ
791 3174 1000 3257 ,ingenere,1l
1019 3193 1087 3230 corr.
1109 3175 1187 3249 Obrll

226 3251 259 3300 21
279 3245 395 3301 exitium
413 3250 462 3314 Δι,
482 3247 588 3302 exitum
601 3250 622 3299 Β
636 3249 646 3316 Ι
659 3252 694 3300 28
713 3263 798 3316 eonp
803 3245 896 3301 osite
914 3248 1072 3315 Alneutro
1091 3249 1185 3317 Bl2t

226 3315 419 3386 discreparent
435 3289 506 3384 der,
526 3317 741 3386 dispertirentur
759 3265 813 3372 Sel
834 3317 845 3388 l
867 3321 903 3371 2⁸
921 3332 1064 3385 opponens
1082 3321 1103 3370 Β
1122 3321 1133 3386 Ι
1150 3323 1186 3372 28

227 3385 366 3440 elflcereru
384 3390 476 3457 ΒΙΒΒ
495 3387 597 3459 seque]
618 3403 690 3456 quoe
708 3393 729 3439 Β
