2682 3956
247 124 314 190 366
613 122 844 190 ΟΠῙΝΤΠᾸΑΝῙ

247 288 303 353 sed
326 309 395 354 non
417 309 544 373 semper
566 287 720 372 sequendi
742 290 820 351 sunt
842 285 988 350 adfectus
1011 289 1045 350 et
1066 286 1214 370 plerum·

247 398 310 461 que
339 377 511 443 eonsilium
542 377 594 441 his
630 375 894 458 praeponendum
926 378 985 439 eet.
1039 375 1093 440 hio
1122 377 1214 440 enim

246 471 356 549 pater,
386 467 448 532 etei
470 487 583 530 revera
604 464 768 547 irascitur,
797 463 1004 528 dissimulare
1025 463 1089 528 boe
1111 464 1213 530 debet

247 558 281 618 et
303 575 399 640 agere
422 555 549 636 mitem,
578 553 810 636 indulgentem.
854 575 931 617 nam
954 574 1028 617 oum
1049 554 1213 637 praeseri·

209 642 318 726 obet,
347 643 411 709 hoe
440 643 621 727 adprobare
644 641 740 706 debet
760 641 935 724 iudicibus,
966 641 1087 705 ideireo
1115 663 1211 726 prae·

247 731 388 796 seribere
412 753 455 815 ae,
477 753 519 795 ne
539 753 614 796 eum
630 730 700 795 filio
720 730 853 815 gravim
871 730 1061 796 eontendat:
1085 730 1212 814 alioqui
1325 783 1326 786 ι

246 820 275 883 si
301 821 382 885 haee
405 841 503 885 eausa
525 818 766 903 praescribendi
787 841 854 884 non
878 823 941 902 est,
970 819 1144 902 supererit,
1171 823 1211 882 nt
1325 895 1326 902 ἵ

246 907 427 974 diffidentia
449 909 596 973 videatur
618 909 654 972 in
676 929 782 972 causa.

567 1083 901 1150 DECLAMATIO.

195 1224 229 1274 ιο
313 1205 426 1272 »Cum
448 1211 558 1292 patre
581 1209 684 1272 aetio
707 1229 753 1272 ne
776 1209 934 1292 quasit,
956 1208 1034 1272 nisi
1053 1207 1211 1273 demen-

245 1295 355 1360 tiae(
387 1296 463 1361 Alio
487 1296 621 1361 crimine
644 1318 696 1361 me
718 1318 809 1361 reum
828 1298 900 1362 lieri
918 1297 1127 1361 manifestum
1147 1301 1208 1364 eut.
1327 1306 1328 1364 l

244 1405 340 1450 nemo
363 1384 535 1468 dubitabit,
557 1387 637 1469 quin
660 1385 693 1450 id
710 1385 773 1450 hae
791 1387 864 1471 lege
883 1407 950 1450 non
967 1385 1072 1468 liceat,
1095 1385 1124 1449 ei
1143 1407 1206 1470 ego

244 1477 339 1558 pater
366 1496 447 1540 sum.
492 1436 595 1558 Atqui
622 1495 665 1538 ne
691 1475 730 1538 de
758 1495 796 1540 eo
826 1474 953 1558 quidem
981 1435 1075 1538 dubit
1061 1474 1125 1538 tari
1147 1497 1208 1558 po·

244 1562 324 1627 terit
323 1562 435 1647 ,quin
456 1565 551 1665 pater
574 1562 644 1628 sim.
689 1584 731 1628 an
752 1562 816 1629 hoo
839 1583 949 1648 negas,
971 1585 1022 1627 me
1047 1584 1126 1646 esne,
1150 1564 1208 1646 qui

193 1665 225 1717 1⁶
245 1651 422 1736 genuerim,
445 1653 500 1736 qui
522 1651 734 1735 educaverim,
758 1656 790 1716 et
813 1649 865 1737 (ut
884 1650 1017 1734 aliquod
1035 1671 1207 1735 argumen-
1328 1655 1329 1662 ’

244 1743 315 1804 turn
339 1759 378 1803 ex
401 1759 439 1804 eo
462 1740 547 1823 ipso,
577 1741 664 1824 quod
689 1744 804 1805 eontra
827 1762 879 1805 me
901 1740 1046 1824 ponitur,
1074 1738 1207 1824 ducam)

244 1849 296 1892 me
319 1848 399 1911 esee,
429 1828 485 1911 qui
508 1828 651 1893 dederim
674 1829 709 1893 in
732 1828 960 1912 adoptionem?
997 1828 1025 1892 si
1047 1829 1126 1892 haee
1148 1849 1207 1910 pa·
1328 1849 1329 1854 ¹

244 1938 316 1980 rum
339 1915 433 1980 firma
456 1920 541 2002 sunt,
570 1917 688 2003 lege[s]
711 1919 953 2000 testamentum,
977 1938 1039 2001 quo
1063 1919 1205 1982 tutorem

245 2004 412 2088 accepisti:
440 2010 611 2090 »patrem«
634 2005 696 2070 tibi
718 2009 860 2071 tutorem
884 2005 982 2070 dedit.
1027 2005 1091 2070 Nec
1119 2005 1206 2069 enim

190 2091 352 2160 rodendo
375 2093 410 2158 in
434 2095 645 2180 adoptionem
668 2094 718 2159 ius
742 2116 837 2160 omne
860 2095 1056 2160 translatum
1080 2095 1160 2158 est·

617 2286 850 2356 cccxulll.

379 2409 536 2479 Absente
557 2412 691 2478 marito
714 2427 841 2478 rumor
863 2412 901 2478 et
922 2411 1081 2495 nuptiae.

243 2536 469 2602 Arruntanum
510 2552 583 2601 cum
625 2553 817 2604 Anunruan
854 2552 980 2601 ιιοιιΔι
1018 2551 1203 2602 ocornnan.

331 2624 422 2691 Uxor
443 2625 684 2710 peregrinantis
706 2625 815 2690 mariti
844 2628 983 2703 mortem
1002 2645 1131 2690 rumore
1152 2645 1204 2690 oo·

189 2745 223 2795 25
332 2713 456 2798 gnovit.
500 2713 594 2778 heres
622 2713 755 2779 inventa
777 2714 891 2797 nupsit
915 2713 1114 2778 adulescenti
1137 2714 1205 2778 oui·
1267 2764 1273 2774 .

331 2801 405 2866 dam
439 2804 472 2867 et
502 2802 634 2868 domum
665 2803 700 2866 in
732 2802 789 2866 dot
775 2804 841 2866 tem
874 2801 971 2867 dedit.
948 2802 1206 2885 teupervenit

313 2981 454 3046 lagare
476 2979 499 3028 Δ
521 2978 532 3045 ΙΙ
553 2973 663 3045 mitem]
686 2975 846 3030 invicemn
869 2977 878 3047 ΙΙ
902 2981 988 3030 oneo
1008 2973 1176 3044 quillliol
1195 2975 1204 3047 ll

242 3050 355 3116 ΗΘΒ
374 3062 434 3102 reae
451 3047 561 3116 Pflhao
579 3049 600 3098 Β
618 3048 628 3115 Ι
648 3052 680 3101 13
707 3048 789 3116 pater
816 3063 877 3101 eum
906 3063 942 3100 an
969 3046 1024 3101 hoo
1047 3063 1135 3117 negas
1157 3063 1204 3102 me

241 3131 302 3173 eree
321 3120 372 3187 atq
339 3117 402 3187 tqui
419 3119 482 3187 ΒιΗ
471 3119 530 3187 flue
549 3117 601 3172 deo
620 3065 730 3188 null}
745 3117 854 3185 aliquid
876 3121 897 3170 Β
920 3119 987 3242 ΙΒῨΙΒ
1010 3065 1114 3188 lege[a]
1137 3117 1203 3186 Obr,

240 3188 319 3271 legas
343 3187 657 3289 Arrlquodnlle
686 3191 717 3244 at
743 3192 803 3255 ΔΒ,
832 3203 901 3244 corr
951 3190 1089 3256 ⁰l19·
1093 3193 1159 3253 20,
1161 3160 1206 3254 ,at

241 3259 392 3317 enimd.
383 3277 401 3315 1.
421 3278 446 3314 a.
465 3277 483 3316 1.
503 3275 528 3314 o.
547 3262 568 3315 t.
588 3262 656 3314 eatf‘
675 3265 723 3328 †..
735 3260 864 3342 ,τᾼοιῆ
885 3258 1203 3328 20ad0ptionenl22

240 3345 399 3453 Eumeorortb
408 3331 524 3400 nuptiae
543 3333 610 3400 Aafl
633 3337 668 3386 24
693 3329 878 3401 peregrinatis
897 3330 964 3397 Aet!
987 3335 1021 3384 ιθ
1040 3330 1154 3385 domum
1174 3333 1205 3385 et

263 3415 278 3453 ο
311 3416 339 3451 m
