2692 3960
398 153 715 210 DECLAMATIONES.
737 153 875 210 CCCXXI.
942 149 947 157 ’
1051 153 1117 220 265

151 319 261 384 licitus
291 340 334 384 es.
379 313 524 383 habebis
553 317 837 400 medicamentum,
861 321 895 382 et
923 317 990 382 tule
1016 318 1117 382 medi·

152 411 338 475 cementum
352 407 482 473 dicebas
497 429 560 491 quo
579 427 717 493 propere
733 406 943 491 <re>duceres
958 407 1117 492 spiritum,

152 519 217 582 quo
239 497 309 562 vit-a
325 495 441 581 reponi
458 499 580 580 posset,
603 517 667 579 quo.
685 516 810 562 uenena
828 495 1029 579 fugarentur,
1053 517 1116 580 quo

149 585 459 651 transmitterentur.
494 585 661 669 potionem
686 584 802 650 dedisti
827 587 884 649 aut
906 583 1043 648 remedii
1061 586 1118 648 aut

151 673 282 740 veneni:
311 673 339 738 si
360 671 495 738 remedii
516 673 672 758 dedisses,
695 674 827 739 viveret.
871 694 938 739 non
961 673 994 737 id
1017 694 1115 757 appa·
1135 687 1151 736 5

151 766 211 828 ret.
249 782 327 848 ergo
351 784 511 828 venenum
535 761 660 827 dedisti.

218 849 325 916 Multa
358 854 446 936 sunt,
478 850 610 935 iudices,
643 871 725 934 quae
758 850 865 916 minus
898 847 983 916 clare
1006 848 1116 915 verbis

152 941 250 1025 atque
270 941 396 1005 actione
416 939 552 1024 exprimi
570 943 718 1025 possunt.
753 939 880 1005 utinam
899 939 1028 1024 quidem
1052 938 1117 1003 for-

150 1030 231 1095 tuna
258 1029 492 1114 praestitisset,
524 1032 561 1094 ut
587 1027 689 1094 frater
718 1049 809 1094 meus
832 1027 972 1095 viveret:
1009 1030 1116 1094 osten·

151 1117 272 1183 dissem
295 1117 390 1184 vobis
414 1117 583 1183 medicum.
620 1116 683 1182 hoc
703 1118 789 1182 enim
809 1121 886 1183 ante
905 1117 1014 1183 omnia
1035 1117 1115 1195 dico,
1135 1133 1168 1182 10

150 1206 285 1272 iudices:
309 1207 476 1273 medicum.
518 1205 731 1271 ostendissem
754 1205 919 1291 potionem
942 1206 1027 1270 hanc
1050 1226 1117 1271 non

152 1296 349 1362 coditianam
374 1299 407 1361 et
426 1317 490 1380 qua
509 1316 621 1360 omnes
640 1295 772 1379 utimur,
796 1294 851 1359 sed
870 1294 1116 1360 medicamentis

151 1385 347 1469 permixtam
379 1388 413 1449 et
436 1386 612 1450 oneratam.
658 1382 715 1448 dut
738 1383 881 1448 medicus
904 1382 1117 1448 medicamen-

150 1477 230 1538 tum.
265 1473 323 1558 qui
346 1476 513 1556 acceptam
536 1470 622 1536 bibit
643 1471 820 1556 potionem,
844 1472 956 1537 statim
980 1470 1116 1554 expirat.

151 1563 206 1646 qui
234 1562 367 1628 tandem
400 1561 453 1626 hic
485 1559 777 1646 argumentandum
810 1558 902 1626 erat?
957 1559 1013 1643 qui
1045 1562 1115 1624 tan·
1137 1575 1169 1625 15

150 1651 224 1716 dem
246 1650 299 1717 hic
322 1650 547 1735 probandum?
583 1669 650 1715 uon
673 1649 775 1715 oculis
799 1649 1019 1726 inchoassetis,
1050 1669 1116 1714 non

151 1739 304 1805 continuo
333 1740 456 1805 strictis
484 1738 632 1804 faucibus
655 1737 830 1822 rapiendus
855 1737 896 1804 ad
920 1736 1117 1824 supplicium

151 1828 310 1895 veneficus
342 1829 517 1912 videretur,
550 1827 606 1912 qui
637 1847 723 1893 nunc
755 1826 852 1892 etiam
885 1827 990 1911 spolia
1018 1825 1116 1891 occisi

150 1916 290 1983 hominis
314 1921 404 1983 tenet
426 1921 468 2002 et,
492 1917 602 1982 subito
627 1917 779 2001 locuples,
803 1916 852 1981 ait
870 1937 905 1980 se
923 1913 1116 1980 tantundem
1169 1930 1171 1934 ’

149 2005 282 2090 habere,
306 2011 465 2090 quantum
488 2027 553 2089 me,
577 2007 633 2091 qui
655 2027 761 2092 nuper
783 2003 901 2070 divisi?
933 2004 1015 2069 mihi
1037 2002 1116 2089 quid
1135 2019 1169 2068 20

150 2095 300 2160 relictum
324 2099 374 2160 est
397 2099 527 2180 praeter
550 2095 657 2161 luctus
682 2098 715 2158 et
736 2091 911 2160 lacrimas?

217 2183 378 2249 Ultimum
412 2203 489 2267 ergo
526 2179 607 2248 illud
643 2181 754 2267 nobis,
788 2181 890 2246 frater
926 2181 1116 2264 miserrime,

152 2269 337 2335 convivium
357 2271 449 2335 erat?
474 2271 574 2336 sicine
593 2270 731 2356 digressi
751 2269 886 2335 sumus?
909 2270 942 2334 in
961 2269 1021 2335 has
1042 2290 1116 2354 spes

151 2357 382 2424 discessimus?
426 2355 529 2422 habui
556 2358 758 2425 occasionem
785 2358 1003 2445 †merendi†.
1037 2350 1115 2422 'diu

148 2445 322 2512 insidiatus
347 2467 458 2512 essem.
496 2446 590 2531 potui
612 2446 674 2511 tibi
697 2467 857 2512 venenum
880 2447 966 2532 dare,
989 2446 1028 2512 de
1052 2468 1115 2530 quo
1135 2461 1169 2511 aa

149 2534 232 2601 nihil
256 2535 475 2620 suspicareris.

224 2715 292 2764 1-2
313 2710 342 2765 et
359 2710 418 2765 tale
438 2709 674 2766 medicamentum
693 2724 743 2765 om.
762 2710 837 2778 Bfla
856 2709 958 2764 ducere
976 2712 1014 2776 A,
1033 2707 1114 2762 duce·

153 2783 197 2836 rst
215 2783 267 2849 Ba,
285 2779 473 2855 (rs>ducerss
490 2781 535 2836 Ro
552 2787 579 2838 ct
596 2780 638 2837 Ra'
654 2782 665 2852 l
682 2787 698 2836 3
717 2780 837 2851 reponi
855 2781 881 2832 A
892 2780 903 2850 l
921 2785 937 2834 5
955 2777 1056 2905 venia,
1071 2783 1094 2834 Δ
1107 2777 1117 2850 ll

151 2855 184 2905 12
204 2852 271 2921 quia
289 2857 329 2905 Δι
351 2853 360 2922 Ι]
385 2858 418 2906 14
437 2855 547 2908 acetum
565 2852 609 2922 Pl
628 2858 661 2908 1⁶
680 2851 749 2922 quid
766 2851 931 2925 ltquidll
953 2852 964 2922 l
988 2856 1020 2905 19
1052 2851 1118 2906 enat

150 2937 201 2978 om,
220 2924 311 2992 31125
329 2923 383 2978 hac
401 2927 469 2976 Aa!
483 2925 493 2996 l
506 2939 557 2994 spe
575 2926 596 2976 B
617 2925 626 2996 ll
644 2929 680 2979 24
697 2922 841 2979 metuendi
861 2922 1036 2994 (mentiendi)
1055 2919 1117 2986 Sole,

151 2993 271 3048 nocendi
289 2992 348 3062 aa·
366 2996 413 3050 aed
430 2995 649 3064 fortusseplura
666 2993 852 3064 trucutanae
871 2993 975 3065 essem]
995 3010 1057 3048 sum
1076 2996 1116 3044 Ab
