2692 3960
382 111 698 169 DECLAMATIONES.
718 112 924 168 CCCXXXVII.
1066 111 1130 177 327

169 276 226 361 qui
258 274 342 340 mori
373 275 456 341 vult:
489 276 551 340 hoc
580 275 660 340 satis
689 278 747 341 est.
798 274 853 340 sed
882 275 920 340 de
952 296 989 340 eo
1013 295 1132 360 cogno·

172 365 285 443 scitur,
312 367 425 446 turpes
455 363 521 429 sint
549 385 665 429 causae
693 387 735 429 an
763 385 802 434 ex
829 363 948 429 iniuria
978 360 1029 448 (ut
1051 361 1132 450 dixi)

170 453 321 519 fortunae
348 453 605 535 proficiscantur.
651 453 769 537 aliquis
799 457 889 518 metu
916 451 1028 518 iudicii
1050 453 1133 516 mori

171 542 255 608 vult:
289 541 406 627 dignus
435 544 498 625 est,
521 541 578 627 qui
604 541 787 626 insepultus
811 541 985 624 abiciatur3
1015 540 1132 626 aliquis

173 630 370 696 conscientia
398 631 502 715 turpis
537 630 670 696 alicuius
703 630 821 715 flagitii
851 629 996 713 admissi,
1028 630 1169 712 prius-5

173 742 272 804 quam
294 718 460 804 prodatur,
483 720 567 784 mori
589 720 672 785 vult:
697 720 814 804 dignus
837 723 896 803 est,
919 719 974 803 qui
990 718 1134 802 insepul-

169 813 226 873 tus
254 808 422 873 abiciatur.
468 806 620 873 adversus
649 807 734 873 hunc
764 807 885 893 scripta
907 808 958 872 lex
982 811 1045 891 est,
1073 807 1136 871 hac

173 900 306 962 cavetur
333 895 372 960 de
399 897 470 961 hoc.
521 902 662 961 ceterum
691 896 820 980 quidem
849 900 886 963 tu
916 898 960 980 ei,
997 897 1053 979 qui
1085 899 1136 960 tot

173 986 336 1050 lenocinia
367 984 447 1050 haec
479 986 656 1050 constituta
687 986 774 1050 vitae
804 985 1047 1070 contempserit,
1080 984 1137 1069 qui

174 1096 241 1140 non
264 1073 449 1139 detineatur
472 1073 524 1138 his
547 1074 780 1158 voluptatibus,
803 1074 899 1140 dices.
928 1095 1015 1138 »non
1033 1074 1136 1139 habes
1157 1089 1189 1137 10

175 1184 290 1249 graves
314 1184 428 1228 causas
452 1162 655 1227 moriendiu?
685 1162 904 1247 respondebit,
926 1163 1002 1228 »odi
1024 1163 1137 1246 vitam,

173 1251 359 1336 relinquere
388 1251 473 1317 volo.
518 1254 556 1316 tu
585 1272 637 1316 me
659 1256 833 1316 nocentem
855 1252 975 1336 probes
999 1255 1138 1340 oportet,

173 1362 215 1406 ne
238 1339 371 1423 sepeliri
394 1339 560 1405 debeam«.
952 1401 955 1407 .

243 1427 279 1494 Si
306 1432 416 1493 tamen
444 1428 484 1492 de
510 1428 574 1494 hoc
601 1449 728 1512 quoque
758 1429 986 1514 quaerendum
1005 1430 1067 1512 est,
1097 1450 1138 1492 an

176 1537 292 1602 graves
316 1539 432 1582 causac
456 1517 530 1600 sint,
553 1517 728 1582 videamus.
762 1516 888 1603 perdidi
911 1516 1051 1600 domum,
1073 1516 1138 1582 for·
1159 1531 1191 1579 15

176 1605 262 1670 tuito
296 1606 459 1689 inccndio,
496 1606 809 1692 quomodocumque,
846 1611 975 1671 tanturn
1008 1605 1139 1671 domum

175 1693 314 1777 perdidi:
338 1694 452 1779 ecquid
474 1717 607 1779 possum
631 1694 734 1760 videri
757 1696 860 1760 iustas
884 1695 1005 1760 habere
1024 1716 1138 1760 causas

176 1783 357 1848 moriendi?
384 1787 519 1867 penates
542 1783 631 1861 illos,
655 1785 689 1848 in
713 1785 830 1868 quibus
854 1787 950 1849 natus
974 1806 1060 1866 sum,
1084 1782 1140 1867 qui

176 1871 257 1936 mihi
289 1871 451 1938 cotidiana
474 1873 617 1956 imagine
640 1871 746 1938 adhuc
769 1877 941 1938 versantur
965 1877 1040 1937 ante
1064 1893 1140 1937 ocu-

176 1960 235 2045 los,
258 1961 333 2026 illos
356 1966 503 2045 penates,
525 1961 561 2025 in
584 1960 702 2045 quibus
726 1962 811 2026 sacri
834 1962 956 2047 aliquid
980 1983 1050 2027 esso
1074 1982 1140 2026 cre·
1159 1975 1193 2024 20

177 2049 297 2131 dimus,
335 2050 437 2114 amisi.
488 2049 607 2133 hospes
643 2050 679 2114 in
715 2050 845 2117 civitate
881 2051 1024 2116 victurus
1059 2072 1140 2115 sum.

4 2169 6 2192 ψ
103 2209 104 2214 1
176 2137 304 2220 perdidi
334 2137 469 2221 liberos,
502 2137 813 2223 quomodocumque,
842 2143 970 2203 tantum
1006 2139 1141 2203 liberos:

179 2223 292 2308 ecquid
319 2225 407 2307 iusta
434 2247 532 2290 causa
560 2227 675 2290 mortis
705 2232 754 2291 est
778 2227 923 2291 orbitas?
961 2230 994 2290 et
1017 2226 1141 2290 orbitas

178 2334 245 2377 non
270 2313 421 2395 simplex,
453 2334 522 2378 nec·
540 2317 670 2378 tantum
698 2314 875 2400 geminata3
908 2314 1142 2380 verumetiam

179 2402 214 2466 in
238 2423 337 2466 unum
361 2405 490 2485 tempus
515 2400 643 2467 collata.
687 2402 835 2467 adferant
858 2403 981 2487 aliquid
1003 2402 1143 2468 fortasse
1162 2417 1196 2465 nt

180 2490 290 2556 solatii
320 2489 408 2555 mala
432 2489 538 2554 divisa
560 2493 605 2574 et,
633 2488 716 2555 sieut
744 2512 842 2556 onera
864 2491 994 2555 facilius
1019 2490 1145 2573 subeas,

181 2579 209 2644 si
237 2579 404 2664 partiaris,
432 2578 480 2644 ita
507 2579 569 2644 hoc
598 2599 713 2664 graves
742 2599 833 2644 cacus
858 2578 1006 2643 adlevare
1028 2578 1146 2662 possis,

181 2669 209 2732 si
237 2689 305 2732 non
333 2669 503 2754 ingruant,
532 2689 569 2732 ac
597 2667 696 2732 semel
724 2668 866 2732 veniant.
911 2688 976 2731 uno
1000 2670 1146 2750 tempore

180 2757 291 2840 plures
314 2756 448 2822 liberos!
476 2756 576 2842 quid?
607 2756 636 2822 si
660 2759 693 2821 et
716 2757 901 2840 coniugem!
925 2755 1012 2840 quod
1037 2756 1146 2838 siper

181 2866 217 2908 se
241 2865 340 2930 grave
364 2848 423 2924 cst,
447 2850 480 2910 et
503 2847 588 2930 quod
612 2845 732 2910 liberos
757 2846 850 2910 amisi
873 2849 906 2910 et
929 2844 1041 2910 eodem
1063 2849 1146 2909 tem·
1164 2858 1199 2907 30

181 2955 262 3017 pore
286 2934 391 3013 amisi,
414 2937 507 2998 erant
531 2936 612 2999 satis
637 2955 753 3021 graves
776 2956 901 3000 causae.
939 2933 1029 2999 adice
1052 2955 1147 3013 nunc,

256 3045 270 3092 1
290 3055 345 3106 quo
365 3041 386 3090 B
414 3038 423 3106 ll
452 3038 594 3092 '1-8hoc
614 3053 673 3092 cav.
693 3037 719 3092 d.
738 3037 766 3090 h.
786 3041 848 3106 An,
868 3053 937 3092 corr.
957 3037 1029 3102 Aer5
1047 3037 1111 3103 fort.
1130 3036 1146 3070 *

181 3109 235 3164 hoc
255 3110 370 3164 cavetur
388 3109 473 3162 deleto
491 3107 527 3161 de
545 3108 599 3162 hoc
613 3109 653 3177 118
673 3110 831 3162 cavetur
848 3113 872 3160 Δ
885 3109 894 3177 ΙΙ
910 3113 943 3161 15
962 3107 1041 3176 perdi
1055 3106 1147 3178 ³·1’ll

181 3179 299 3235 furtuito
318 3182 342 3231 Δ
355 3181 365 3250 ΙΙ
380 3185 413 3232 16
434 3193 601 3248 quocunque
620 3182 716 3232 tamen
734 3178 848 3232 domum
868 3181 912 3249 ”ll
926 3182 960 3232 22
982 3179 1147 3246 quocunque

182 3252 226 3318 ΒΙΙ
239 3253 335 3306 tamen
353 3250 397 3319 ΡΙΙ
415 3251 437 3304 t.
456 3248 536 3304 liber.
555 3247 716 3321 (perdidi).
735 3248 779 3303 Ro
798 3251 808 3319 ΙΙ
827 3255 861 3303 26
880 3249 919 3303 sio
938 3251 982 3317 Bss
996 3253 1030 3304 27
1050 3263 1148 3303 causas

183 3325 243 3390 An,
262 3338 332 3376 corr.
344 3321 401 3376 cor
415 3323 425 3390 l
439 3326 473 3376 28
492 3319 644 3389 ingravant
662 3323 691 3386 B,
711 3322 867 3388 congruant
886 3319 940 3374 ceu
953 3321 963 3390 ll
977 3319 1060 3374 simul
1073 3318 1149 3390 Aerll

182 3391 328 3447 inveniant
345 3397 367 3444 B
