2670 3962
398 163 716 222 DECLAMATIONES.
736 165 874 224 coxoiv.
1039 166 1104 236 165

434 497 442 509 .
530 397 711 466 ooxolv.

275 521 384 589 Dives
406 521 625 606 proditionis
647 539 732 591 reus
755 523 813 591 vir
836 521 961 593 fortis.

143 645 242 714 Dives
278 647 474 733 proditionis
513 653 681 715 eoensetns
719 650 851 716 fortiter
882 649 969 716 fecit.
1022 652 1106 736 petit

231 736 370 823 praemii
391 736 524 803 nomine
547 738 747 805 accusatorie
770 745 918 804 mortem.
962 739 1017 805 ille
1040 763 1107 807 non

232 828 374 980 ἓξὲξ,
403 823 460 892 sod
486 827 647 912 postulet,
677 832 715 894 ut
748 831 824 893 ente
854 831 1030 915 peragatur
1056 830 1138 896 ino

356 965 362 981 ·
535 1017 710 1090 SERMO.

209 1141 390 1211 Accusator
424 1144 471 1210 sio
499 1166 595 1231 egere
623 1145 733 1232 debet,
759 1150 798 1214 ut
820 1147 1029 1215 menifestum
1053 1151 1106 1234 sit,

141 1233 235 1300 illum
252 1237 382 1300 tontum
401 1234 449 1299 rei
468 1234 618 1319 publicae
637 1256 734 1301 canes
751 1236 930 1324 postulare,
948 1258 1015 1303 non
1029 1239 1107 1323 quie

141 1343 209 1388 non
233 1321 277 1388 sit
299 1321 382 1388 illud
401 1342 528 1402 verum,
555 1326 593 1388 ut
620 1324 648 1389 si
669 1323 886 1406 damnaverit,
914 1324 1017 1392 vivet:
1046 1326 1103 1392 sed
1123 1343 1157 1392 io

139 1411 217 1496 quis
238 1409 404 1476 difficilius
423 1410 657 1496 impetraturus
679 1416 737 1497 est,
753 1414 781 1478 si
799 1412 985 1479 intellectus
1004 1413 1104 1480 fuerit

141 1498 234 1566 nullo
259 1501 328 1566 iure
352 1499 499 1565 adiuvari
520 1519 625 1586 posse.

452 1674 792 1744 DECLAMATIO.

208 1797 244 1866 si
262 1804 296 1866 te
313 1799 513 1885 proditorem
532 1805 647 1886 postes
665 1801 830 1887 dixissem,
849 1824 947 1887 quem
965 1807 1002 1869 tn
1018 1825 1105 1870 mor-

138 1893 206 1955 tem
235 1910 341 1955 mesm
373 1893 536 1976 optasses,
563 1888 689 1956 viderer
712 1893 822 1955 tamen
846 1895 878 1956 et
900 1913 968 1957 rem
992 1893 1106 1958 utilem
1126 1908 1159 1958 15

139 1977 308 2064 postulare
342 1981 375 2044 et
407 2000 474 2044 non
507 1980 620 2045 contre
650 1978 758 2066 legem
789 1983 881 2044 tuem
914 1978 1106 2048 desiderare,

140 2066 219 2152 quid
243 2067 328 2132 enim
352 2066 497 2152 optasti?
529 2072 669 2133 mortem
693 2069 900 2153 accusatoris,
923 2068 962 2134 de
982 2070 1106 2155 qualis

139 2177 207 2221 non
231 2159 290 2221 est.
338 2155 421 2221 nihil
445 2159 513 2240 est,
545 2156 631 2242 quod
655 2155 695 2222 ed
717 2158 900 2241 proemium
923 2157 1107 2245 confugiss3

140 2242 226 2308 nihil
249 2246 308 2328 est,
332 2244 418 2329 quod
440 2245 545 2311 utaris
568 2244 651 2331 legis
674 2249 750 2311 tuae
768 2250 947 2331 potestate:
969 2267 1036 2312 non
1054 2269 1102 2312 re·

140 2352 232 2416 cuso,
261 2354 325 2417 qno
348 2333 455 2399 minus
478 2333 633 2418 recipies,
660 2332 816 2419 quidquid
839 2334 973 2417 optasti.
1018 2335 1101 2400 nihil
1120 2352 1156 2401 2ο

137 2420 252 2504 petisti
287 2424 417 2506 praeter
449 2425 597 2488 mortem.
653 2419 688 2488 Si
716 2421 834 2509 exigis,
866 2426 904 2488 ut
933 2428 1103 2490 aecusator

139 2508 253 2576 stetim
277 2508 452 2595 occidetur,
476 2510 616 2576 alterum
637 2509 819 2596 praemium
837 2510 933 2595 petis.
970 2512 1103 2578 ethaeo

137 2598 290 2664 voluntas
309 2597 373 2664 fuit
390 2601 466 2664 tuoe
484 2597 677 2684 petitionis?
695 2597 780 2665 nihil
799 2599 945 2684 interest,
964 2598 992 2665 si
1011 2598 1102 2666 illem

138 2687 195 2772 qui
229 2685 353 2752 debent
384 2687 565 2772 praemium
598 2687 847 2773 ignoraverunt:
880 2692 914 2754 et
944 2685 1017 2754 ideo
1041 2687 1103 2753 tibi

135 2796 233 2842 nemo
257 2767 468 2862 contradixit,
501 2776 586 2862 quod
608 2774 772 2843 videbaris
803 2797 960 2864 purgasse
990 2781 1099 2843 eontu-
1119 2793 1154 2843 25

212 2955 228 3006 2
252 2948 307 3004 vini
329 2949 412 3006 fontis
434 2950 646 3022 preeminm1’3
679 2949 767 3008 Dives
790 2950 961 3022 proditionis
978 2967 1051 3008 rene.
1070 2983 1106 2994 -

135 3018 225 3076 VIRO
248 3019 359 3076 FORTI
381 3019 586 3078 PRAEMIUM.
623 3022 709 3078 Dives
733 3027 780 3078 ete.
794 3023 866 3082 edd.
891 3023 937 3092 (ef.
962 3027 1058 3090 147,3
1082 3029 1107 3078 et

134 3095 202 3174 164,
215 3092 244 3161 7)
264 3093 274 3162 ss
293 3097 327 3148 lo
345 3091 398 3174 illd
415 3098 454 3162 Δ,
471 3092 554 3148 illum
570 3097 606 3161 B,
625 3109 694 3176 corr.
713 3091 771 3148 Aer
783 3093 853 3218 lun‘
866 3091 968 3150 fioilius
986 3098 1040 3157 Δι,
1064 3091 1106 3146 di-

135 3161 238 3218 fioihns
256 3167 297 3216 Ab
322 3163 331 3232 ΙΙ
348 3165 397 3220 int
418 3165 463 3220 est
479 3163 548 3220 null.
567 3167 624 3231 Δι,
652 3165 704 3219 int.
723 3166 766 3220 est
814 3166 869 3219 ent
885 3163 954 3220 noli.
975 3167 1014 3219 Ab
1039 3165 1047 3233 ΙΙ
1071 3170 1105 3220 12

135 3233 235 3290 viror
256 3236 266 3304 l
290 3239 324 3289 14
342 3233 546 3305 prodigitorem
564 3238 605 3290 su
627 3234 637 3304 ΙΙ
661 3239 694 3288 15
713 3250 772 3290 rem
790 3234 920 3290 inutilem
938 3238 959 3286 B
980 3235 991 3303 ss
1016 3240 1048 3291 18
1068 3235 1104 3290 od

135 3319 184 3360 om.
199 3307 220 3358 B
235 3304 244 3374 Η
258 3310 292 3360 22
311 3322 354 3374 pr.
373 3304 455 3376 pensi
473 3305 510 3362 ad
528 3306 556 3362 h.
574 3307 620 3375 ΒΙΙ
639 3310 673 3360 23
690 3303 767 3361 nihio
785 3304 836 3362 int.
855 3310 908 3372 Δι,
928 3305 958 3359 ni
976 3306 1027 3362 int.
1048 3308 1105 3376 Atii

135 3380 170 3430 26
193 3375 343 3432 videbatur
360 3379 423 3444 n,
451 3391 521 3434 corr.
540 3375 594 3442 Ro,
624 3375 774 3432 videbatui·
796 3391 918 3447 pungere
942 3373 991 3450 (te
1010 3375 1105 3450 velle>

134 3445 209 3514 Δενς
227 3463 267 3503 coe
285 3446 451 3504 *videbitur
469 3463 606 3518 purgasse
624 3445 695 3520 <te>
714 3446 751 3518 (3)
