2670 3962
381 150 697 207 DECLAMATIONES.
717 151 830 209 cccxl.
1026 153 1092 218 223

132 315 209 379 dum
236 312 357 398 magis,
390 334 488 397 quam
516 334 719 379 communem
748 314 909 399 quendam
936 317 1091 401 omnium,

132 403 187 487 qui
214 402 249 468 in
278 400 465 468 libertatem
489 401 650 482 adserunt,
673 402 828 469 favorem.
862 407 974 470 eontra
996 427 1091 488 quem

129 513 197 559 non
224 490 256 556 id
284 490 380 555 modo
411 490 547 555 anobis
571 489 793 574 intellegimus
818 513 888 557 esse
913 493 1091 579 dicendum,

130 583 168 646 ut
200 580 373 664 praecipue
405 579 455 643 ius
488 582 651 662 tueamur,
684 580 739 645 sed
766 579 846 646 illud
879 582 991 647 etiam:
1024 604 1092 647 non

130 669 239 734 minus
268 689 326 752 pro
355 689 393 732 eo
421 689 505 750 esse,
537 671 652 734 eontra
674 689 769 752 quem
792 668 960 735 videamur
985 687 1125 757 agerat

129 757 160 822 si
183 760 293 822 tamen
315 755 455 840 explicet
480 754 586 838 fidem,
609 756 694 840 quod
712 778 774 823 nos
793 758 1027 824 contendimus.
1057 759 1089 824 id

93 853 103 870 ⁸
130 846 218 911 enim
240 843 336 910 hodie
361 844 536 929 quaeritur,
560 865 601 910 an
620 865 730 910 servus
750 844 802 912 sit.
838 846 878 912 da
896 846 1090 914 liberalitate

130 935 213 1017 eiua,
250 932 306 1019 qui
341 955 401 999 nos
439 932 572 998 heredes
608 933 765 1018 instituit,
802 935 884 1000 nihil
916 937 1088 1020 querimur.

130 1043 241 1088 servos
262 1021 460 1088 manumisit
492 1043 571 1086 num
593 1021 645 1088 oui
670 1024 891 1094 controversia
916 1025 1089 1090 movetur?

129 1133 207 1179 num
230 1109 324 1176 inviti
348 1132 403 1175 eos
426 1109 603 1196 tristesque
626 1111 661 1174 in
683 1132 818 1178 numero
842 1113 984 1178 civitatis
1004 1114 1088 1198 aspi·
1109 1131 1142 1181 10

129 1199 254 1265 aimus?
286 1199 353 1264 alia
374 1198 472 1265 nobis
495 1199 581 1264 ratio
605 1219 679 1264 oum
698 1199 908 1286 debitoribus,
932 1202 996 1268 alia
1015 1225 1089 1268 oum

127 1309 289 1374 mgenms.

193 1374 306 1462 Neque
329 1397 390 1443 nos
413 1375 507 1462 fugit
530 1375 678 1440 velutin
701 1376 899 1442 eontrarium
922 1378 969 1443 ire
987 1378 1088 1443 litem.

126 1487 204 1530 nam
227 1466 255 1530 si
278 1465 350 1550 quis
374 1486 413 1530 ex
435 1464 530 1530 nobis
553 1464 653 1530 istum
677 1485 805 1530 servum
825 1470 963 1549 voearet,
987 1467 1089 1530 multa

125 1553 270 1620 habebat
291 1553 449 1638 profecto,
472 1575 554 1638 quae
572 1575 631 1637 pro
651 1575 686 1619 se
705 1553 835 1638 diceret,
859 1575 917 1638 per
936 1577 1019 1640 quae
1037 1554 1085 1619 in·
1106 1573 1138 1621 15

126 1664 251 1729 genuus
274 1641 447 1708 videretur.
478 1641 553 1726 quid
578 1642 665 1707 enim
688 1642 741 1707 lex
760 1641 860 1707 dicit?
884 1644 1086 1709 >addictus

126 1733 247 1796 donee
275 1731 443 1796 solverit
472 1730 653 1815 serviat«,
681 1735 719 1797 ut
750 1731 879 1818 opinor,
911 1754 991 1798 non:
1023 1755 1088 1798 ser·

126 1841 186 1885 vus
211 1819 264 1885 sit.
303 1819 480 1905 plurimum
503 1822 613 1886 autem
636 1820 743 1886 refert.
780 1841 856 1886 nom
879 1820 999 1886 servire
1024 1843 1087 1886 me

124 1909 190 1974 rito
218 1909 355 1974 dicimus
383 1911 417 1974 et
444 1928 513 1993 eos,
541 1909 596 1993 qui
625 1908 661 1974 in
687 1909 810 1992 piratas
838 1909 1023 1994 inciderint,
1055 1914 1088 1975 et

125 2019 194 2081 eos,
218 1997 274 2083 qui
303 1997 344 2062 ab
373 1995 467 2064 hoste
496 1996 561 2062 sint
589 1998 689 2081 eapti:
717 1997 751 2062 id
774 1998 903 2082 quidem
927 1999 1014 2083 quod
1036 1999 1084 2064 in·
1105 2013 1139 2064 ro

127 2084 243 2171 gennis
275 2089 393 2150 natine
420 2085 521 2168 dedit,
552 2085 642 2151 nulle
673 2086 823 2152 fortunae
854 2088 974 2153 iniuria
1006 2088 1087 2172 eripi

126 2178 245 2260 potest.
277 2174 311 2238 id
331 2173 478 2259 quemvis
497 2171 581 2239 nulli
597 2196 665 2240 non
681 2180 827 2240 vestrum
846 2173 997 2242 existimo
1016 2197 1087 2241 esse

123 2262 342 2346 menifestum,
366 2261 560 2346 quibusdam
579 2267 690 2328 tamen
709 2263 867 2330 confessis
886 2265 1086 2348 argumentis

125 2349 297 2417 ostendere
306 2351 390 2417 volo.
415 2345 490 2422 etate
501 2351 610 2416 omnia
625 2353 765 2433 [servus]
780 2351 834 2418 hio
846 2352 947 2418 habet
959 2374 1087 2434 nomen,

124 2443 177 2506 est
199 2440 234 2504 in
258 2461 364 2523 censu,
386 2443 432 2506 est
449 2438 484 2505 in
501 2439 600 2505 tribu.
624 2462 762 2525 quorum
780 2441 863 2506 nihil
883 2439 936 2528 (nt
954 2441 1083 2528 opinor)
1104 2456 1137 2507 ro

125 2527 323 2612 deprehendi
346 2529 380 2593 in
404 2549 496 2594 servo
518 2531 638 2612 'potest
674 2532 729 2612 „at
751 2529 925 2595 intervenit
948 2551 986 2594 ea
1010 2551 1085 2595 oon-

124 2617 218 2701 dicio,
240 2621 278 2681 ut
296 2617 417 2683 servire
436 2617 561 2700 debeat,
583 2617 685 2682 donee
705 2617 865 2682 solverit.“
896 2617 958 2684 hoo
976 2618 1085 2702 ipsum

125 2706 211 2772 servi
234 2728 300 2771 non
323 2709 382 2790 est,
405 2704 525 2772 habere
548 2706 584 2772 in
607 2729 666 2771 sua
688 2709 861 2791 potestate,
883 2706 1011 2791 quando
1031 2707 1083 2772 de·

123 2795 213 2859 sinat
240 2797 369 2860 serviro.
413 2794 526 2881 fingite
555 2796 655 2880 enim,
688 2795 824 2876 iudices,
857 2799 914 2860 aut
941 2796 1085 2862 oblatam

194 2968 407 3023 rasserunt
424 2963 500 3040 ΔΙΙὸ
519 2968 733 3038 videmante
749 2969 909 3039 quaerimus
922 2975 943 3023 B
957 2971 966 3040 t!
980 2976 996 3023 9
1011 2987 1084 3025 nuno

119 3039 166 3094 oui
180 3044 204 3092 Δ
217 3039 227 3108 ΙΙ
242 3045 274 3093 10
293 3055 350 3094 non
367 3039 423 3093 inv.
435 3044 456 3093 B
470 3040 480 3109 d
495 3045 528 3094 18
548 3041 650 3095 soitAa
663 3043 673 3112 ΙΙ
686 3040 850 3109 referrens,
868 3041 973 3096 referet
985 3044 1062 3092 B-l’
1075 3040 1085 3110 d

120 3127 158 3165 an
177 3113 238 3178 AB,
258 3127 326 3165 corr.
349 3110 405 3165 oor
431 3111 441 3179 ΙΙ
469 3111 726 3179 radicamini,
746 3128 814 3166 corr.
834 3117 905 3166 auct.
924 3113 1019 3166 incert.
1038 3127 1084 3192 op.

119 3181 178 3235 Aer
196 3181 205 3250 ΙΙ
222 3180 373 3251 inspiratas
392 3186 433 3234 Aa
450 3184 459 3252 d
478 3186 513 3235 20
531 3180 561 3234 id
580 3183 693 3250 quidem
710 3182 767 3250 ing.
787 3187 822 3250 A,
841 3181 870 3235 id
890 3181 1003 3250 quidem
1022 3198 1084 3249 qui-

119 3252 186 3306 dem
203 3253 261 3322 ing.
275 3256 306 3320 B,
325 3252 355 3306 id
370 3251 445 3322 quod
459 3253 519 3308 eddv
535 3252 591 3322 {121
606 3252 656 3307 ini.
675 3256 705 3307 et
716 3251 772 3323 ipsi
786 3252 843 3321 pot.
858 3251 949 3322 91124
964 3251 1083 3322 [servus]

118 3322 163 3378 Gr
181 3323 190 3394 d
208 3328 242 3377 25
262 3327 312 3378 ent
329 3326 393 3390 AB,
412 3338 481 3379 corr.
500 3323 545 3378 Fr
562 3324 572 3394 t
590 3329 624 3378 26
643 3325 692 3378 aut
710 3327 778 3376 Ab!
797 3323 806 3394 ss
825 3321 970 3378 28desinet
987 3323 1030 3395 Bt
1049 3329 1083 3378 29

119 3399 248 3484 oblatoiri
267 3434 291 3482 Δ
