2668 3968
230 167 295 231 142
595 165 826 232 QUINTILIANI

225 331 295 396 iure
305 331 370 397 elio
379 329 586 398 manifestum
594 329 804 414 foret,inhao
813 328 1036 414 lege<etian1>
1044 331 1194 413 apertius

227 424 285 485 est.
331 420 407 505 quid
431 420 518 486 enim
541 418 641 485 dioit‘?
686 423 798 502 rapte
827 418 999 502 raptoris
1022 423 1190 485 mortem

226 509 287 574 vel
310 509 469 592 nuptias
493 512 612 592 optet.
645 509 764 572 nentm
786 527 838 572 res
862 511 922 590 est,
945 526 1043 591 quum
1067 507 1190 574 differri

226 601 391 682 oporteat:
416 598 484 664 sive
507 597 536 663 is
560 600 611 662 eet
633 600 754 680 raptor,
777 596 834 681 qui
857 617 996 680 poenum
1018 600 1194 681 mereatur,

191 703 292 752 onon
314 690 458 754 meretur
481 686 741 767 advocationem
767 685 835 750 sive
854 685 1037 771 ignoscitur
1054 686 1194 770 raptori,

224 795 292 841 non
318 774 438 841 debent
463 774 585 842 habere
611 796 737 841 morem
763 773 897 857 nuptiae
925 773 978 839 vel
1006 773 1192 840 incohatae.

226 861 262 928 Si
284 868 413 930 tuntmn
435 885 502 930 non
524 864 637 930 stetim
660 863 820 946 eduoeres,
850 861 931 928 haee
953 861 1083 928 fortiter
1106 862 1192 928 diee-

225 957 350 1017 rentur:
373 974 460 1019 nuno
483 952 617 1018 educere
639 951 690 1016 vie
713 953 791 1036 post
812 951 954 1035 nuptias.
994 955 1104 1016 utrum
1125 951 1190 1037 igi·

226 1045 281 1125 tur
303 1041 372 1105 iure
395 1041 485 1125 prius
509 1063 552 1106 an
574 1040 739 1128 aequitate
761 1039 942 1106 consistas?

172 1146 207 1196 10
291 1127 347 1194 Ius
377 1131 450 1215 ipsa
477 1130 560 1216 legis
586 1129 749 1215 positione
773 1127 983 1194 menifestum
1006 1132 1066 1195 est.
1110 1151 1191 1195 nem

224 1238 298 1284 oum
324 1224 454 1303 raptam
482 1218 574 1285 educi
601 1219 635 1284 in
662 1217 726 1284 hoo
753 1218 877 1302 iubeat,
909 1222 947 1282 ut
973 1223 1112 1283 mortem
1135 1219 1190 1285 vel

222 1307 354 1392 nuptiae
378 1310 483 1393 optett
506 1307 681 1373 manifesto
704 1305 859 1387 ostendit,
881 1327 954 1372 eom
977 1305 1070 1372 educi
1093 1328 1187 1392 opor·

223 1400 305 1480 tere,
333 1396 385 1462 oui
407 1401 582 1482 utrumque
604 1396 745 1462 liberum
768 1395 820 1462 sit.
860 1393 1035 1461 Praeterea
1055 1395 1123 1462 iam
1146 1417 1192 1480 na

222 1489 336 1571 raptae
363 1486 494 1570 quidem
521 1507 640 1553 nomen
666 1484 787 1550 habere
819 1489 941 1568 potest,
974 1505 1056 1569 quae
1083 1489 1190 1569 nupta

171 1589 204 1652 1p
224 1579 282 1640 eet.
322 1573 419 1658 sicuti
440 1595 560 1641 nomen
582 1573 783 1658 pupillorum
806 1573 954 1658 legitimo
978 1579 1126 1658 tempore
1148 1573 1185 1638 fi-

222 1663 327 1745 nitur;
346 1663 431 1728 siout
449 1663 562 1729 orbem
579 1683 674 1728 nemo
693 1667 771 1747 poet
788 1662 920 1746 nuptias
940 1661 1071 1746 dixerit3
1090 1662 1189 1728 sicuti

223 1750 360 1836 virginis
393 1751 647 1837 appellationem
678 1772 743 1816 nox
774 1750 836 1816 illa
869 1751 1030 1816 maritalis
1064 1751 1186 1816 aufert:

221 1840 270 1904 ita
292 1860 334 1905 ne
356 1844 452 1925 rapte
475 1839 604 1925 quidem
627 1839 692 1906 diei
714 1843 832 1926 potest,
855 1861 938 1925 quae
956 1841 1110 1905 meritum
1128 1839 1187 1905 ha-

223 1926 299 1993 bere
324 1929 439 2014 eoepit.
472 1929 549 1995 lieet
571 1929 673 2016 igitur
694 1933 809 2014 raptae
829 1929 1026 2015 permissum
1046 1929 1089 1993 sit
1107 1950 1188 2014 quo·

169 2033 204 2085 20
223 2038 359 2102 cumque
382 2021 528 2103 tempore
551 2022 678 2105 optare,
704 2023 826 2104 nuptae
852 2021 968 2103 optare
990 2018 1186 2102 permissum

220 2111 370 2172 nonest.

287 2193 378 2261 Haeo
401 2216 440 2259 ex
463 2195 536 2281 lege
559 2194 734 2261 manifesta
756 2198 844 2277 sunt,
866 2195 926 2260 illa
948 2216 986 2259 ex
1010 2195 1186 2280 aequitate.

220 2283 308 2352 Ante
331 2284 442 2350 omnia
462 2304 529 2350 non
551 2286 621 2351 tum
644 2283 759 2350 duram
781 2305 853 2349 esee
876 2283 929 2350 lex
952 2283 1057 2350 voluit
1075 2284 1184 2350 oondi·

220 2371 357 2452 oionem,
381 2377 419 2438 ut
441 2393 569 2458 semper
590 2379 705 2458 raptor
727 2373 905 2457 puniretur.
936 2373 1010 2438 ideo
1034 2376 1067 2438 et
1088 2373 1185 2439 mise-

166 2475 201 2527 no
220 2460 380 2532 rioordiae
402 2462 511 2529 looum
532 2460 618 2527 feeit
652 2465 687 2526 et
709 2461 829 2527 idoiroo
847 2462 913 2527 iam
931 2483 998 2528 non
1017 2460 1183 2546 adipsum

218 2550 461 2635 tantummodo,
496 2551 552 2636 qui
584 2551 706 2636 rapuit,
738 2550 795 2616 sed
827 2550 977 2636 <magis>
1009 2551 1108 2616 etism
1141 2549 1183 2614 ad

218 2661 302 2723 enm,
324 2639 380 2723 qni
406 2638 511 2723 duxit,
537 2639 693 2725 pertinet,
721 2639 776 2724 qui
805 2642 892 2705 certe
915 2637 999 2705 nihil
1025 2640 1186 2724 peoonvit,
1234 2663 1236 2667 ·

218 2728 274 2811 qui
311 2732 398 2793 certe
434 2747 565 2792 manere
601 2727 717 2811 potuit.
771 2723 844 2793 Hoe
880 2728 952 2795 loeo
985 2727 1066 2793 mihi
1098 2728 1181 2793 illud

219 2815 410 2899 opponitur,
439 2835 507 2880 non
537 2815 683 2899 potuisse
715 2818 791 2880 ente
823 2815 914 2882 oduei
947 2838 1029 2883 eum.
1080 2815 1183 2893 Quoi

164 2920 200 2971 so
218 2923 295 2969 vero
312 2902 445 2968 intersit
464 2922 590 2988 naneae,
608 2925 672 2988 qua
690 2905 816 2970 ratione
835 2905 886 2971 ius
900 2905 1068 2972 interierit
1090 2924 1182 2991 „pro-

290 3101 305 3150 1
324 3093 453 3170 (etiam)
466 3095 511 3152 Ro
523 3099 564 3165 14
582 3113 628 3168 op.
648 3096 705 3152 suis
724 3097 783 3152 sive
801 3099 1012 3166 funeraretur
1029 3097 1091 3152 adv.
1106 3099 1183 3165 ΡΗ
1314 3137 1319 3144 -

216 3168 272 3223 hoo
290 3169 338 3220 n
352 3168 363 3237 ΙΙ
376 3166 543 3224 dnoerentun
559 3169 609 3238 Bi
632 3172 665 3223 1³
684 3167 808 3224 libeni
826 3169 872 3238 Al
887 3173 920 3250 μ
937 3171 1003 3250 post
1020 3171 1112 3236 l’fllt
1128 3184 1180 3222 nn·

216 3240 320 3293 men!
345 3241 355 3308 η
379 3243 412 3294 19
430 3238 538 3309 raptori
555 3241 576 3292 B
599 3241 609 3310 l
631 3243 665 3294 2⁶
683 3238 799 3294 idioiroo
817 3243 870 3308 Δι,
893 3254 996 3294 uoonroo
1013 3240 1048 3305 ³3
1065 3240 1186 3306 sottum

216 3307 315 3364 ’adine
334 3308 441 3436 qnod}
455 3315 489 3365 26
507 3308 641 3384 (megia)
658 3309 713 3392 Sole
731 3311 777 3392 los.
792 3313 855 3378 143,
868 3312 918 3380 22)
932 3311 941 3380 ΙΙ
955 3315 990 3365 27
1009 3309 1106 3365 eduxit
1123 3313 1182 3380 ΔΙ,

214 3397 282 3507 ἔξιθι
297 3379 393 3504 Belinxit
442 3381 473 3436 ot
500 3381 570 3449 128
590 3399 617 3450 q.
637 3397 659 3438 o.
678 3380 751 3435 mhul
777 3395 890 3436 manere
917 3385 970 3450 Aa,
1003 3398 1029 3450 q.
1050 3398 1072 3436 o.
1091 3397 1182 3437 rema-
