2640 3968
366 163 686 224 DECLAMATIONES.
706 165 846 223 CCLVIII.
1044 163 1087 234 53

128 331 424 414 quantumcumque
447 329 491 396 sii
513 329 611 414 istud,
634 328 721 414 quod
743 334 831 414 pelo:
857 351 923 395 non
945 331 1089 398 indicare

128 416 207 481 salis
240 417 312 483 esi?
349 439 416 484 nou
443 417 637 485 desiderium
669 419 838 503 pervenire
870 419 906 484 in
937 419 1089 486 notitiam

126 509 218 571 luam
238 505 368 592 sufficit,
384 507 450 572 nisi
462 528 573 592 preces
584 506 771 592 adhibuero,
788 508 852 573 nisi
861 509 1089 574 auctoritatem

126 599 298 678 paternam
321 596 536 663 summisere?
568 596 707 661 mullum
729 617 936 683 peccaveras,
960 597 1089 664 etiamsi

15 755 22 777 .
126 684 357 768 praestilisses.
518 743 520 749 ,
1107 697 1124 748 ὃ

192 770 289 838 Nunc
316 793 393 840 vero
423 773 501 858 quid
524 796 544 839 a
566 778 599 840 te
622 772 803 857 petieram?
833 777 872 839 ul
893 773 973 839 mihi
996 793 1089 860 prae-

102 897 104 904 >
126 860 193 926 mio
217 860 356 926 cederes.
378 882 444 928 non
462 862 544 947 dico,
566 861 644 948 quid
661 862 761 928 fuerit
779 867 973 928 secuturum.
1004 862 1089 930 Sane

126 949 175 1014 ita
202 949 247 1015 sit
274 950 455 1016 consiilula
481 951 546 1035 lex,
576 956 614 1017 ul
641 952 677 1015 in
704 951 823 1018 iudicio
847 952 1089 1038 contendamus,

126 1041 165 1103 ui
192 1038 277 1104 citra
303 1039 484 1122 periculum
513 1035 637 1107 feratur
664 1039 703 1106 de
730 1044 844 1106 nostra
871 1041 992 1107 virtute
1019 1063 1090 1106 sen·

126 1125 245 1192 tentia:
272 1148 338 1193 uon
367 1132 438 1194 erai
460 1150 600 1213 aequum
624 1128 735 1195 cedere
758 1133 807 1214 le,
834 1132 871 1196 ui
892 1151 960 1196 non
981 1130 1087 1196 dicam
1107 1143 1142 1196 ιο

126 1215 227 1300 patri,
255 1214 346 1281 aeni?
382 1217 447 1283 libi
475 1216 703 1302 adprobandae
727 1219 859 1284 virtutis
881 1219 986 1284 multa
1007 1222 1090 1283 iem-

127 1325 207 1388 pora
231 1309 419 1391 supersunt3
441 1310 478 1372 tu
502 1329 632 1392 sperare
654 1306 696 1392 id,
718 1307 803 1392 quod
828 1306 925 1373 hodie
945 1307 1091 1391 cesseris,

126 1397 237 1477 poles:
259 1393 341 1459 mihi
364 1393 501 1460 indulsit
522 1395 654 1461 fortuna
676 1395 762 1461 huno
783 1416 969 1479 supremum
988 1395 1089 1460 hono-

16 1563 17 1570 *
126 1503 205 1549 rem.
243 1483 328 1548 inter
347 1486 518 1550 extraneos
541 1506 668 1570 quoque
691 1489 725 1550 ei
747 1485 870 1550 alienos
886 1489 939 1562 esc
957 1481 1090 1568 aliquod

126 1571 335 1657 privilegium
354 1572 498 1638 aestatis.
537 1573 676 1639 honores
695 1573 786 1658 prior
808 1577 966 1657 peterem:
985 1573 1027 1637 ad
1047 1573 1087 1637 si·
1109 1585 1141 1636 15

127 1661 295 1748 gnandum
322 1659 512 1745 advocatus,
548 1661 641 1746 prior
662 1661 862 1747 (signarem,
894 1663 1090 1727 senientiam

126 1751 241 1904 iuelim>
256 1769 398 1835 rogarer.
416 1749 518 1904 iudhis
534 1750 633 1903 enirm
647 1750 1089 1904 mininlristeolaservationibus

185 1860 304 1904 amane
327 1859 434 1904 nono
475 1859 544 1904 eres
591 1860 724 1905 onorem
761 1861 781 1904 a
815 1861 870 1906 rrs.

194 1928 268 2014 Age
290 1947 376 2010 vero,
403 1947 470 1992 non
491 1930 620 2011 praeim-
642 1928 706 1993 hoc
726 1928 978 2014 etiamdiguior
999 1947 1091 2012 prae·

127 2017 194 2082 mio
217 2016 283 2081 fuit
303 2015 408 2082 virius
430 2015 526 2081 mea?
548 2037 615 2082 non
636 2021 687 2082 esl
705 2020 773 2082 lem
792 2015 994 2101 admirabile,
1016 2037 1088 2081 oum
1108 2029 1143 2080 20

126 2105 258 2172 fortiter
279 2102 360 2170 facil
382 2105 520 2171 iuvenis:
544 2104 607 2171 hoc
625 2108 714 2172 aclas
732 2105 888 2190 postulat,
909 2105 972 2172 hoc
990 2105 1090 2170 robur

127 2195 278 2259 iuventae
301 2193 420 2277 poscic3
447 2213 551 2278 paene
573 2197 667 2278 turpe
690 2197 753 2277 esi,
783 2191 1000 2260 confecisse:
1027 2192 1090 2259 hoc

129 2287 180 2348 esc
201 2282 326 2347 honore
349 2281 496 2366 dignius,
518 2281 635 2349 vicisse
658 2303 759 2349 annos
783 2289 817 2348 el
836 2283 924 2348 ulira
948 2285 1090 2347 aetatem

128 2372 284 2454 durantes
311 2369 414 2454 agere'
436 2369 582 2437 virtutes.
628 2391 666 2437 eo
695 2375 843 2456 tempore
866 2371 996 2438 forliler
1018 2371 1090 2455 feci,
1172 2437 1175 2441 .

127 2481 191 2545 qao
215 2460 290 2545 cogi
310 2480 377 2525 non
394 2479 533 2544 possem,
556 2463 594 2526 ut
611 2460 796 2526 militarem.
829 2465 938 2526 ulrum
956 2460 1089 2526 landem
1107 2470 1142 2524 aa

128 2549 176 2614 vis
201 2547 311 2632 (non)
335 2568 490 2634 magnum
514 2569 593 2651 esse,
616 2548 701 2632 quod
725 2568 786 2634 ego
808 2547 884 2634 feci3
917 2569 959 2614 an
983 2545 1089 2613 minus

127 2636 491 2791 esseVidddmuduiidd
504 2637 694 2812 lidiizhdluis
716 2725 816 2791 fuerit
836 2727 1004 2790 secuturus
1024 2723 1090 2788 exi-

125 2818 190 2898 tus,
214 2815 242 2878 si
266 2813 301 2878 in
323 2815 390 2879 isia
413 2813 620 2879 conuentione
643 2814 780 2899 praemii
802 2814 887 2880 idem
908 2812 1008 2878 animi
1027 2833 1089 2899 ego

124 2917 255 2988 quoque
292 2901 494 2969 habuissem:
530 2903 628 2968 armis
660 2903 918 2970 contendendum
953 2904 1024 2968 erai
1057 2901 1090 2970 et
1107 2917 1142 2966 30

15 3081 16 3087 ἵ
125 2991 310 3058 laetissimo
339 2990 460 3078 alioqui
487 2989 603 3058 domus
630 2997 760 3058 nostrae
782 2997 942 3078 proventu
965 2990 1088 3076 gravis-

199 3171 233 3221 14
253 3164 362 3234 aliquid
379 3171 420 3219 Aa
442 3168 451 3237 ll
478 3165 721 3237 1cpriopote1enc
740 3169 764 3219 Δ
787 3169 796 3236 ll
819 3173 852 3222 16
871 3165 1047 3239 *<signarem
1066 3181 1088 3221 s.

124 3235 223 3310 prior>
241 3235 251 3306 ΙΙ
271 3241 304 3292 18
322 3236 508 3295 inhumanum
526 3255 562 3293 ns
581 3237 639 3294 ced.
658 3241 679 3290 B
698 3240 709 3308 fl
727 3242 760 3292 19
779 3235 921 3306 indignior
938 3240 959 3289 B
974 3237 983 3306 ΙΙ
1001 3240 1035 3291 20
1054 3235 1088 3290 ia

125 3307 312 3363 iuvenibus
337 3307 504 3363 virtutem
527 3324 593 3363 non
617 3308 701 3363 salis
721 3323 793 3362 esse
812 3307 1019 3362 laudandam
1038 3311 1060 3358 Δ
1079 3307 1088 3378 ll

125 3383 159 3433 26
177 3376 277 3452 (non)
295 3377 341 3435 Ro
354 3380 364 3447 ΙΙ
377 3378 453 3452 (eo)
471 3379 586 3448 301128
605 3380 688 3433 haee
707 3377 783 3448 quis
802 3381 847 3449 ΔΗ
861 3378 998 3446 aequin,
1017 3377 1088 3432 haec

125 3449 173 3518 qui
190 3454 212 3502 B
