2692 3960
387 183 705 240 DECLAMATIONES.
725 181 890 260 cccxxvi
1052 181 1117 247 283

465 361 806 431 DECLAMATIO.

219 487 512 574 Existimaveram
548 487 684 572 iudices,
717 493 926 554 consecutum
963 507 1034 552 esse
1065 509 1118 552 me

151 577 216 644 hoc
239 577 373 663 saltem,
395 581 432 642 ut
456 577 612 664 sanguine
635 599 708 644 meo
732 579 862 643 servata
885 575 999 641 civitas
1024 574 1118 640 datae

154 664 272 732 salutis
295 668 391 749 grata
413 665 628 748 meminisset3
652 668 749 750 atque
773 686 811 730 eo
834 664 951 749 magis,
974 663 1059 749 quod
1082 664 1119 728 fi-

152 753 217 820 lius
240 775 332 820 meus
354 775 422 820 non
442 755 637 820 necessitate
660 753 850 820 immolatus
875 755 956 837 erat,
985 751 1041 817 sed
1063 773 1119 818 vo·
1138 766 1155 815 s

151 843 288 908 luntate.
332 863 445 908 verum
467 842 530 910 hoc
553 843 633 908 adeo
656 843 692 908 in
715 841 914 908 contrarium
937 841 1049 925 cessit,
1079 845 1119 908 ut

151 929 276 996 inventi
304 929 370 996 sint
398 931 434 997 in
461 931 523 998 hoc
551 933 686 1016 populo,
715 932 784 1016 qui,
811 952 880 996 rem
902 930 1012 996 nescio
1035 929 1118 994 indi·

152 1020 271 1106 gnitate
294 1019 399 1105 magis
423 1020 594 1086 dolendam
614 1042 656 1086 an
678 1021 823 1086 vanitate
847 1018 1025 1103 ridendam,
1047 1017 1118 1084 obi-

150 1108 241 1174 ciant
262 1106 389 1174 homini
411 1109 644 1194 pestilentiam.
667 1111 701 1173 et
723 1107 902 1174 remedium
925 1106 1036 1174 deberi
1055 1107 1117 1172 diis

153 1196 394 1263 immortalibus
417 1201 545 1282 putant,
569 1197 598 1262 si
620 1197 695 1281 quid
719 1218 796 1263 vero
816 1197 907 1281 passi
926 1217 1037 1262 sumus
1055 1195 1118 1261 tali
1138 1208 1172 1258 10

151 1285 294 1351 remedio
318 1285 467 1372 dignum,
489 1290 622 1352 nostrae
645 1285 831 1351 infirmitati
854 1284 1116 1370 adsigna[bi]tur.

546 1459 722 1548 sunno.

218 1585 300 1652 Fere
324 1587 565 1653 commendatio
588 1607 647 1671 per
668 1586 750 1652 haec
771 1582 913 1670 petenda
936 1584 1011 1670 erit,
1035 1605 1117 1669 quae

152 1674 204 1739 illi
232 1674 426 1741 difficillima
453 1678 511 1741 est.
558 1675 642 1761 quod
671 1676 712 1741 ad
735 1674 941 1759 quaestiones
964 1673 1117 1759 pertinet,

151 1764 276 1849 primae
304 1785 489 1830 communes
513 1767 590 1830 sunt
612 1763 680 1830 iere
703 1763 854 1830 omnibus
878 1761 1171 1848 controversiis,15

152 1874 234 1938 quae
260 1852 323 1918 hac
349 1853 423 1937 lege
446 1854 663 1919 continentur.
709 1852 926 1937 quaerendum
950 1854 999 1916 est
1022 1851 1118 1936 enim,

152 1941 229 2025 quid
253 1941 298 2008 sit
320 1941 447 2008 laedere
469 1963 539 2008 rem
561 1943 743 2029 publicam3
766 1946 800 2008 et
822 1941 919 2026 paulo
942 1939 1060 2005 fortius
1083 1941 1118 2004 in

151 2029 214 2096 hac
238 2031 472 2112 controversia,
499 2032 534 2096 in
563 2053 628 2116 qua
649 2034 791 2097 tractum
815 2052 885 2096 esse
908 2028 1118 2114 pestilentiae

152 2119 276 2184 malum
298 2118 362 2184 hoc
383 2119 496 2186 nuntio
518 2119 727 2185 manifestum
751 2124 809 2185 est.
872 2197 878 2204 ι

465 2289 803 2362 DECLAMATIO.
1002 2239 1007 2248 ι
1138 2305 1172 2356 20

219 2415 339 2481 Postea
370 2436 446 2501 ergo
470 2438 602 2482 causam
625 2419 731 2503 ipsam
754 2417 977 2504 defendemus,
1004 2421 1119 2502 postea

152 2503 276 2571 factum
296 2504 608 2570 commendabimus:
629 2506 762 2570 interim
781 2505 862 2571 satis
881 2509 939 2590 est,
961 2526 1029 2570 non
1048 2527 1118 2570 esse

152 2616 205 2660 me
227 2593 290 2659 hac
312 2594 393 2678 lege,
416 2615 481 2677 qua
499 2592 634 2678 deferor,
656 2596 836 2658 nocentem.
873 2614 951 2658 sanc
970 2592 1119 2676 credatis,

152 2682 309 2767 imputari
327 2681 410 2747 mihi
428 2704 524 2767 posse
544 2681 662 2748 civium
681 2685 818 2748 mortes:
842 2684 918 2746 sunt
934 2681 1016 2764 iura,
1036 2701 1118 2764 quae

154 2770 241 2835 istud
277 2769 462 2837 defendant.
512 2793 580 2836 non
616 2791 686 2837 esse
724 2770 910 2856 explicitam
941 2769 1117 2855 legationis
1138 2779 1173 2830 as

153 2858 249 2924 fidem
268 2858 389 2926 dicitis:
407 2859 510 2926 habet
528 2859 610 2928 haec
627 2881 754 2946 quoque
769 2860 822 2925 lex
837 2858 999 2926 actionem
1014 2880 1117 2943 suam,

225 3037 242 3087 2
261 3031 477 3088 aestimaveram
495 3037 555 3101 ΑΒ,
575 3048 643 3090 com
661 3034 720 3089 Aer
741 3035 751 3102 t
774 3039 790 3089 3
810 3033 877 3088 data
895 3037 916 3085 B
939 3033 948 3102 ΙΙ
971 3032 1120 3102 spreta

153 3103 306 3174 Almana
323 3103 526 3173 Bleminisset
543 3108 573 3172 B,
592 3103 707 3160 emisset
724 3105 767 3175 ΡΙΙ
781 3119 866 3172 quam
883 3107 925 3157 Aa
937 3104 978 3171 116
998 3103 1027 3157 et
1045 3102 1120 3171 ΒΙΙΊ

153 3172 348 3244 indignatione
366 3178 430 3240 Δι’,
448 3173 673 3244 indignationem
691 3179 728 3240 11,
752 3189 822 3230 οων.
841 3174 884 3230 Gr
905 3174 915 3243 ll
937 3178 954 3228 8
972 3171 1121 3227 ridendum

154 3245 199 3313 Bl
214 3250 247 3299 10
265 3247 366 3315 putent
383 3249 450 3314 An,
469 3262 538 3302 corr.
558 3244 602 3300 Ro
615 3245 625 3314 ΙΙ
640 3250 672 3300 11
692 3243 888 3300 adfirmabitur
906 3248 944 3311 Δ,
963 3240 1119 3314 assignabi-

154 3316 201 3368 tur
218 3319 239 3367 a
257 3321 283 3371 et
300 3316 371 3383 edd„
396 3333 464 3373 corr.
484 3316 528 3372 Ro
546 3317 556 3388 l
576 3322 610 3372 18
627 3316 781 3372 tractatum
799 3315 893 3384 ΔΙΙΙθ
912 3313 1042 3370 nuntium
1060 3318 1120 3383 AB,

154 3399 224 3509 pom.
243 3385 301 3525 ,ἰσὶν
354 3393 389 3511 fil
409 3388 499 3512 {ptam
521 3391 542 3441 11
565 3389 575 3458 ΙΙ
598 3393 631 3442 aa
656 3385 912 3443 commendavimus
935 3390 958 3440 Δ
980 3387 990 3457 l
1013 3391 1047 3441 26
1065 3384 1120 3440 hoo

182 3461 242 3508 -Ρ
289 3472 322 3511 ex
367 3456 389 3510 ‘s
436 3474 452 3514 ο
