2670 3962
224 123 289 190 228
585 123 817 191 QUINTILIANI

307 288 410 352 dilata
432 287 601 353 damnatio
626 291 684 352 est.
718 285 894 352 intervenit
915 287 954 370 is,
977 286 1034 371 qui
1057 286 1182 352 occisus

306 376 483 443 dicebatur.
520 378 606 462 petit
629 397 704 442 reus
726 381 866 460 poe'nam
891 375 1100 440 accusatoris.

619 551 792 618 SERMO.

282 677 361 744 Non
388 679 451 743 erit
478 678 635 761 alienum,
665 676 858 742 advocatum
885 677 962 742 dare
991 676 1067 741 huic
1090 697 1184 744 accu-

185 786 201 835 5
221 768 330 834 satori.
362 767 441 832 fecit
463 789 534 832 rem
559 763 612 853 (ut
633 765 824 851 parcissime
843 764 962 850 dicam)
981 765 1185 850 paenitentia

219 857 361 941 diguam.
411 859 445 920 et
474 855 593 920 fortius
623 853 811 920 defendetur
839 855 880 920 ab
909 855 974 921 alio
1002 858 1036 918 et
1062 854 1185 919 maiore

219 966 292 1010 cum
315 943 508 1010 verecundia
530 948 688 1029 patronus
712 943 932 1027 confitebitur,
955 944 984 1008 si
1007 943 1086 1027 quid
1110 964 1185 1008 con·

218 1033 378 1097 fitendum
405 1036 463 1100 est.
510 1037 543 1098 et
572 1033 724 1118 quotiens
752 1053 848 1096 causa
875 1032 949 1117 plus
972 1033 1053 1096 iuris
1075 1031 1185 1116 habet,

220 1143 318 1206 quam
345 1122 494 1206 pudoris,
521 1123 563 1188 ad
592 1144 665 1187 eum
692 1119 917 1186 transferenda
946 1124 1008 1205 est,
1035 1122 1092 1206 qui
1118 1141 1186 1186 non

168 1229 201 1278 10
221 1210 394 1277 erubescet.

542 1350 877 1418 DECLAMATIO.

287 1477 392 1544 Reum
419 1477 533 1562 capitis
563 1474 727 1542 arcessitis
749 1477 784 1540 in
812 1497 850 1541 ea
878 1474 1025 1560 civitate,
1056 1475 1092 1540 in
1123 1497 1187 1560 qua

219 1569 283 1634 hoc
306 1588 405 1653 greve
429 1569 462 1631 et
483 1564 654 1650 indignum
673 1564 813 1629 videtur:
837 1567 870 1628 et
888 1585 980 1628 reum
998 1564 1116 1650 cepitis
1136 1587 1186 1629 ar-

221 1655 362 1740 cessitis,
395 1655 451 1741 qui
483 1653 547 1740 ipsi
574 1653 816 1719 intolerabilem
848 1652 934 1718 hanc
962 1653 1188 1720 crudelitatem

169 1761 202 1811 15
221 1745 356 1811 vocatis.
401 1742 614 1810 conveniebat
636 1761 700 1825 eos,
729 1742 785 1825 qui
812 1742 1032 1808 temeritatem
1057 1763 1188 1808 accusa-

221 1834 323 1900 tionis
341 1833 503 1916 incusant,
525 1830 608 1894 nihil
627 1831 691 1895 nisi
710 1834 833 1896 certum
852 1831 1120 1917 exploratumque
1134 1832 1187 1896 de-

222 1923 314 1988 ferre.
370 1942 448 2007 ergo
479 1920 553 2006 lege
586 1918 690 1984 occidi
717 1918 816 1985 vultis
844 1919 931 1985 huno
960 1920 1086 2003 statim,
1123 1920 1189 2005 qui

222 2033 328 2077 reum
347 2008 475 2076 caedis
495 2008 683 2072 detulerit
705 2006 874 2095 (hactenus
895 2029 1050 2095 agnosco:
1072 2009 1189 2074 detulit

223 2101 325 2184 enim,
361 2120 456 2182 quem
484 2096 636 2182 defendo)
673 2097 850 2183 <naque>
883 2097 1189 2182 damnav<er>it·

170 2205 205 2255 20
226 2189 330 2273 [que]:
347 2187 411 2252 hoc
429 2185 495 2251 iam
515 2186 555 2250 ad
576 2207 637 2251 nos
655 2207 723 2253 non
741 2189 890 2272 pertinet.
921 2187 975 2252 hio
994 2187 1080 2252 enim
1097 2189 1188 2252 dom-

222 2280 320 2341 natus
335 2295 338 2302 ’
353 2278 411 2340 ost.
459 2275 607 2359 sequitur
630 2295 724 2362 ergo,
750 2279 788 2341 ut
811 2276 910 2341 aliam
933 2274 1041 2360 legem
1064 2274 1189 2340 adfera-

225 2366 326 2445 [mu]s
351 2365 408 2428 aut
436 2364 520 2429 hanc
543 2369 651 2430 mutes
676 2370 733 2431 aut
761 2365 823 2430 hoc
853 2364 972 2430 audeas
1003 2364 1107 2430 dicere
1136 2366 1187 2429 ius

225 2452 356 2536 aliquod
378 2451 442 2516 tibi
464 2474 535 2518 esse
559 2454 782 2520 constituendi.

291 2540 343 2605 Ad
370 2541 673 2627 interpretationem
700 2563 760 2607 nos
783 2563 879 2607 vocas
904 2545 937 2604 et
959 2561 998 2604 ex
1020 2539 1082 2604 hac
1105 2540 1189 2625 lege,

171 2647 205 2697 25
225 2652 288 2715 qua
312 2629 433 2715 litigas,
457 2631 554 2696 aliam
575 2631 771 2698 constituere
789 2628 926 2694 conaris.
959 2627 1036 2693 Non
1055 2632 1105 2693 est
1123 2629 1188 2694 ista

224 2739 275 2784 res
299 2718 452 2804 iudicum,
473 2742 540 2786 non
564 2720 691 2803 horum,
714 2719 770 2804 qui
793 2717 833 2783 ad
857 2721 945 2782 certa
962 2716 1043 2801 iura,
1066 2720 1099 2783 et
1120 2719 1188 2803 qui-

225 2806 298 2871 dem
324 2808 437 2893 iurati,
465 2809 687 2875 consederunt.
733 2806 859 2871 deflecti
886 2805 956 2870 iura
983 2828 1024 2871 ne
1052 2829 1112 2890 pro
1135 2807 1189 2872 de-

298 2989 312 3038 1
331 2983 427 3039 deleta
445 2988 496 3036 AB
518 2985 528 3052 ΙΙ
551 2979 707 3037 dominatio
725 2985 749 3035 Δ
767 2981 777 3051 ΙΙ
790 2980 899 3037 recisus
917 2987 942 3036 Δ
954 2983 993 3052 113
1012 2981 1188 3038 Declamatio

224 3055 298 3124 Pl4
317 3054 377 3110 dari
394 3060 415 3109 B
434 3057 443 3125 ΙΙ
461 3060 477 3108 5
496 3053 671 3124 penitentias
689 3056 733 3124 llll
753 3059 822 3109 6-7
840 3054 977 3110 malorem
995 3070 1059 3108 cum
1077 3058 1101 3106 Δ
1122 3056 1132 3124 l
1155 3059 1189 3107 10

224 3126 365 3182 erubescit
381 3129 438 3191 ΔΒ,
458 3139 527 3180 corr.
548 3124 593 3180 Ro
606 3127 616 3195 ΙΙ
631 3131 664 3180 15
682 3124 707 3181 is
726 3129 784 3194 ΔΒ,
804 3141 871 3182 corr.
890 3125 948 3180 Aer
960 3127 970 3196 ΙΙ
985 3129 1089 3180 15-16
1108 3141 1190 3179 eccu-

224 3200 288 3252 sant
306 3196 379 3252 nihil
395 3197 542 3252 misertum
562 3198 606 3267 Bu
622 3203 654 3252 19
664 3195 680 3229 *
690 3196 808 3252 defendo
827 3195 1079 3267 dampnavitqusm
1091 3201 1123 3265 Δ,
1142 3195 1189 3250 de·

224 3267 309 3324 fondo
327 3268 528 3339 damnavitque
547 3271 591 3340 ll
606 3274 641 3324 20
659 3287 716 3325 non
733 3285 783 3325 orn.
801 3272 824 3322 Δ
837 3271 848 3338 ΙΙ
861 3273 966 3324 ilo—21
981 3267 1127 3322 demnatus
1140 3273 1190 3336 Δι,

223 3337 402 3395 indemnatus
425 3345 503 3409 Abii,
535 3356 605 3396 corr.
630 3341 672 3396 Gr
693 3343 703 3411 [Ι
726 3345 830 3395 21-22
854 3338 1039 3412 adfers[mu]s
1060 3337 1102 3394 Gr
1123 3341 1135 3408 l
1156 3344 1200 3393 28·
1333 3291 1334 3342 i

225 3408 410 3465 constitutum
423 3414 479 3479 ΑΒ,
500 3426 570 3467 corr.
583 3410 628 3466 Ro
641 3413 650 3481 l
664 3417 698 3467 26
716 3410 854 3466 indicium
867 3415 915 3465 AB
928 3411 938 3480 ΙΙ
952 3417 986 3466 2⁷
1006 3410 1156 3466 consedere
1169 3413 1190 3463 B
