2670 3962
216 131 279 196 168
580 131 839 202 conannas

525 328 865 399 DECLAMATIO.

280 453 459 540 Coeperam
479 455 653 541 gratulari:
673 476 757 540 ecce,
774 455 893 520 iterum
912 456 1085 523 sollicitor:
1109 457 1177 524 iam

211 545 363 612 irascitur
385 548 487 629 pater.
525 544 612 630 quod
634 541 674 608 ‘ad
697 566 750 609 me
773 543 923 628 pertinet,
945 566 1014 611 non
1037 546 1102 612 alia
1124 570 1178 614 ra·

210 632 300 700 tione
324 632 521 719 contradico,
543 654 640 717 quam
662 654 703 699 ne
726 636 819 716 pater
842 632 931 699 domi
952 634 1021 699 sine
1040 636 1177 703 custode

175 722 272 789 ssia
308 743 375 787 non
407 721 503 787 aliter
529 721 640 807 itaque
669 721 755 787 hanc
778 742 910 788 eausam
934 742 1045 808 agam,
1076 746 1176 809 quam

207 811 356 894 proxime
393 810 464 896 egi,
505 809 635 876 etiamsi
675 810 711 876 in
749 810 808 875 illa
843 810 955 876 nocuit
990 813 1171 880 moderatio.

209 899 264 965 diu
292 919 353 984 ago
381 899 443 964 tuli
464 899 683 965 valetudinem
707 899 827 983 patris,
854 898 956 965 donec
978 903 1047 966 tam
1071 902 1176 967 mani·

207 986 305 1053 festa.
321 991 421 1070 esset,
452 991 490 1053 ut
521 987 712 1054 damnarem
744 986 843 1053 etiam
872 987 1004 1054 invitus.
1048 989 1176 1056 tradita

86 1129 89 1138 ,
208 1080 258 1142 est
281 1076 406 1142 curatio
429 1075 521 1142 mihi.
554 1098 651 1161 quam
674 1074 851 1161 diligenter
871 1075 934 1143 hoc
958 1077 1095 1163 egerim,
1118 1101 1171 1144 ae-

155 1181 190 1256 rq
208 1165 356 1230 stimate:
393 1164 523 1231 videtur
551 1164 606 1230 hic
636 1185 707 1230 esso
738 1167 881 1231 sanatus.
925 1185 986 1230 nec
1017 1165 1174 1251 <tamen>

205 1253 286 1319 illud
308 1257 534 1340 argumentum
557 1253 707 1319 sanitatis
726 1256 789 1338 ast,
812 1252 899 1339 quod
916 1253 1006 1337 rupit
1023 1254 1173 1322 vinoula:

205 1363 301 1427 saepe
322 1342 464 1410 faciebat
477 1341 548 1408 ‘hoc
571 1342 687 1427 ipsum.
720 1342 805 1427 quod
824 1343 859 1409 in
876 1341 989 1408 hostes
1007 1342 1167 1428 impetum

204 1429 290 1517 fecit,
309 1430 394 1518 quod
411 1431 593 1516 praemium
607 1431 757 1516 peti<i>t,
775 1450 839 1515 ago
858 1431 983 1515 gratias
1002 1430 1172 1498 fortunae:

203 1521 293 1585 visus
317 1523 368 1585 est
391 1541 499 1586 sanus.

151 1623 184 1675 15
271 1607 355 1685 Quid
373 1607 499 1674 obicis‘?
520 1609 647 1696 „egisti
668 1609 785 1693 inquit,
807 1629 934 1674 mecum
956 1607 1169 1675 dementiae.“

203 1695 238 1762 si
255 1718 323 1762 non
340 1697 527 1783 tenuissem,
544 1701 655 1763 tamen
671 1697 816 1762 licuerat
849 1695 960 1762 datum
975 1700 1025 1762 est
1038 1696 1100 1763 hoo
1113 1697 1167 1764 ius

203 1790 317 1851 eontra
335 1789 471 1870 patrem.
494 1786 704 1871 legumlator
717 1785 886 1869 prospexit
901 1786 1072 1851 senectuti:
1091 1785 1167 1852 ideo

202 1874 397 1940 medicinam
424 1873 500 1940 filiis
530 1873 711 1958 imperarit
762 1894 834 1939 oum
865 1895 941 1939 vero
973 1875 1167 1958 sanaverim,

200 1964 347 2047 poteram
374 1963 476 2029 videri
508 1962 643 2047 impiae,
673 1960 739 2026 nisi
771 1948 969 2028 detulissem.
1013 1984 1081 2028 non
1114 1971 1167 2029 est

147 2067 182 2117 2ο
200 2051 404 2137 indulgentia
430 2050 620 2136 permittere
648 2049 713 2114 sibi
734 2049 887 2116 furorem.
933 2048 995 2118 Sed
1020 2051 1163 2137 alligavi.

200 2138 261 2206 boc
285 2141 313 2205 si
336 2139 484 2225 iniquum
507 2141 608 2221 esset,
637 2159 705 2204 non
726 2138 849 2205 liceret
892 2139 1007 2204 deinde
1031 2140 1163 2224 cbioies,

199 2229 286 2314 quod
316 2250 384 2294 non
411 2225 594 2293 custodivi?
643 2229 749 2294 testor
769 2227 870 2306 deos,
899 2249 968 2294 non
994 2228 1114 2294 recessi
1143 2251 1163 2294 a

199 2316 355 2402 custodia,
377 2317 479 2382 donec
502 2337 553 2380 me
576 2314 697 2381 bellum
720 2317 879 2384 avocavit.
909 2316 957 2382 At
979 2316 1163 2382 contradixi

197 2405 344 2490 praemio
379 2408 447 2471 tuo.
499 2404 563 2469 hoc
600 2404 706 2469 simile
738 2408 790 2471 est
821 2405 867 2489 ei,
903 2405 989 2490 quod
1022 2405 1164 2471 defendi.

145 2509 179 2558 25
199 2494 256 2559 ted
279 2515 346 2559 non
375 2493 494 2558 dicam:
525 2493 688 2558 >recentia
714 2497 773 2559 tua
799 2493 944 2559 fecerunt
965 2492 1095 2574 merita,
1123 2498 1164 2558 ut

198 2581 376 2648 obtineres:
409 2603 452 2646 an
478 2581 638 2666 debueris,
670 2581 869 2667 apparebit«.
914 2601 982 2645 non
1013 2580 1158 2646 desinam

197 2673 324 2756 optare,
346 2675 384 2735 ut
405 2670 490 2736 hanc
514 2692 630 2737 causae
648 2691 739 2735 meae
755 2672 883 2753 partem
902 2667 1023 2733 malam
1047 2667 1160 2736 facias.

197 2758 293 2824 duret
318 2758 384 2824 ista
413 2757 513 2824 animi
535 2759 585 2825 tui
607 2759 711 2843 quies:
741 2757 824 2823 scias
854 2756 971 2841 quibus
995 2756 1159 2844 irasoaris,

196 2866 280 2911 sc1as
305 2867 386 2930 quos
410 2869 507 2914 ames.

267 3025 281 3074 1
299 3019 478 3078 Declamacio
496 3025 574 3092 Aac
593 3022 658 3076 ante
676 3017 750 3075 ratio
768 3024 826 3089 An,
844 3035 913 3078 corr.
932 3019 977 3076 Ro
990 3020 1030 3090 l⁸
1049 3020 1091 3075 est
1108 3025 1132 3072 A
1146 3020 1157 3092 ll

195 3095 229 3145 10
247 3089 301 3146 hoc
319 3096 384 3161 Al,
413 3109 481 3150 corr.
502 3093 560 3159 Ro,
584 3095 727 3162 praeterea
744 3093 864 3148 candace
881 3108 954 3148 nunc
981 3093 991 3162 l
1017 3089 1157 3164 (tamen)

192 3161 237 3217 Ro
259 3165 268 3232 {l
293 3169 326 3218 14
344 3166 421 3220 satus
439 3169 484 3218 Aa
507 3165 515 3233 ΙΙ
540 3168 572 3217 18
590 3161 664 3218 filius
683 3166 703 3214 Β
727 3163 736 3232 ΙΙ
759 3168 793 3217 21
812 3161 957 3218 inimicum
974 3167 1028 3230 Aa,
1047 3160 1152 3218 inicum

191 3237 236 3286 Ab
250 3237 259 3303 l
273 3240 307 3289 22
327 3237 376 3304 qui
393 3240 425 3302 A,
444 3237 501 3308 qn
525 3237 534 3305 ΙΙ
557 3239 592 3288 24
610 3233 736 3288 delendis
755 3235 784 3288 et
801 3237 865 3301 Aa,
884 3249 953 3288 corr.
972 3232 1017 3289 Ro
1030 3234 1040 3302 ΙΙ
1053 3237 1088 3288 26
1107 3231 1155 3288 de-

191 3304 301 3444 gpessrim
318 3310 381 3374 AB,
400 3321 469 3361 corr.
489 3307 546 3360 Aer
559 3307 569 3374 l
582 3304 729 3374 apparebit
745 3308 769 3355 A
792 3306 801 3374 ΙΙ
824 3309 858 3359 27
877 3303 980 3359 faciam
998 3307 1062 3372 An,
1081 3319 1152 3360 corr.

269 3381 303 3430 29
322 3391 398 3431 amas
416 3381 440 3428 A
