2640 3968
198 87 263 142 VIII
568 87 787 145 PRAEFATIO.

198 242 369 300 atramento
388 259 417 299 u.
438 237 578 298 Ceterum
598 238 689 300 etiam
708 239 783 299 alias
802 244 997 320 correcturas,
1015 247 1166 319 quatenus

198 338 238 397 ad
264 337 368 398 literas
392 337 560 414 singulares
588 337 754 415 pertinent,
777 338 866 398 facile
893 341 1089 400 concesserim
1118 343 1165 402 illi

199 435 360 496 recentiori
391 435 496 494 manui
527 434 638 495 deberi
689 434 926 504 Quaternionum
959 441 990 498 et
1022 438 1164 500 fohorum

199 550 342 592 numerus
367 533 475 609 plenus
498 532 628 594 videtur.
673 533 814 594 Fortasse
850 534 882 594 in
918 534 976 596 fine
1009 534 1166 612 Calpurnii

198 629 299 688 Flacci
322 629 424 705 aliqua
455 629 686 708 interciderunt,
715 631 768 692 sed
792 629 970 700 Quintiliani
992 633 1090 708 prima
1112 634 1165 696 de·

199 727 340 787 clamatIo
356 725 557 806 quodtrunca
571 730 625 802 est,
643 745 767 789 numero
783 729 847 788 244
864 729 985 807 notam,
1004 733 1036 791 et
1048 731 1165 807 priores

202 843 305 885 omnes
329 825 545 902 desiderantur,
569 825 608 884 ad
626 827 825 902 archetypum
842 826 954 886 librum
972 828 1165 891 referendum

199 927 255 984 est.
285 921 371 993 Quod
390 924 477 984 docet
495 923 677 1000 subscriptio
695 923 750 982 illa
768 924 879 996 „habet
893 917 1090 1004 (archetypus
1109 921 1165 1008 se.)

200 1022 354 1098 hucusque
373 1021 590 1082 controversias
608 1039 734 1081 numero
750 1020 901 1084 uxama
924 1022 1009 1084 Idem
1027 1043 1064 1084 ex
1081 1025 1164 1099 prio—

198 1138 267 1177 rum
298 1119 478 1196 paginarum
514 1119 685 1180 condicione
718 1120 820 1195 potest
851 1120 962 1198 colligi.
1017 1121 1165 1198 Pleraque

200 1216 279 1276 enim
307 1216 420 1276 habent
442 1234 503 1275 non
529 1216 683 1292 continua,
712 1217 764 1276 sed
791 1218 952 1278 verbmum
979 1237 1015 1279 ac
1042 1223 1163 1280 seuten-

199 1315 313 1374 tiarum
330 1315 503 1391 fragmenta
520 1316 650 1391 tantum,
673 1314 753 1373 inter
775 1333 852 1390 quaa
871 1314 908 1374 de
926 1316 1050 1376 consilio
1069 1335 1166 1378 vacua

200 1412 308 1472 relicta
340 1415 411 1472 sunt
438 1411 550 1488 spatia,
576 1410 696 1487 punctis
723 1410 864 1474 distenta.
909 1413 1047 1489 Apparet
1071 1415 1103 1474 in
1128 1433 1164 1474 eo

200 1508 377 1586 exemplari,
401 1527 437 1568 ex
459 1527 518 1584 quo
541 1507 628 1566 fluxit
650 1508 742 1568 codex
759 1509 797 1582 A,
820 1509 937 1586 aliquot
954 1511 1081 1587 paginas
1100 1531 1164 1573 cor-

200 1610 306 1680 ruptas
326 1608 416 1683 atque
435 1623 570 1666 corrosas
589 1605 690 1664 fuisse.
721 1604 825 1684 Neque
844 1610 946 1666 tamen
964 1608 1092 1668 interius
1111 1629 1163 1684 pe-

198 1707 333 1764 netrasse
366 1705 463 1764 tineas
499 1703 734 1763 existimaverim
764 1704 926 1781 pluraque,
963 1723 1054 1780 quam
1086 1726 1163 1782 quae

199 1802 352 1879 habemus,
376 1803 450 1862 adeo
474 1802 617 1860 mutilata
638 1800 670 1860 in
694 1802 857 1878 archetypo
876 1802 1037 1879 exstitisse,
1057 1823 1164 1883 nequa,

198 1903 235 1959 ut
259 1900 438 1978 exstiterint,
461 1900 538 1959 illud
561 1899 700 1958 futurum
723 1898 828 1976 fuisse,
855 1901 892 1958 ut
918 1900 950 1958 in
976 1899 1071 1960 alium
1093 1901 1164 1960 inde

180 1997 313 2056 librum
336 2018 355 2057 a
377 1997 502 2058 librario
525 1995 806 2056 transcriberentur.
849 1994 1000 2073 Ceterum,
1023 2001 1059 2058 ut
1082 2003 1164 2060 recte

200 2096 246 2154 ait
263 2095 438 2170 Bursianus,
456 2094 554 2171 prima
572 2090 681 2154 codicis
699 2092 813 2170 pagina
829 2111 907 2168 quae
925 2093 1088 2156 liniebatur
1100 2097 1163 2157 illis

197 2212 305 2270 „asper
328 2195 474 2254 exactor.
494 2238 501 2252 .
521 2189 546 2252 .“
569 2183 614 2271 (4,
633 2183 668 2269 3)
690 2191 722 2248 et
748 2189 848 2249 ultimi
870 2189 936 2251 folii
958 2210 1070 2270 magna
1092 2212 1164 2271 pars

199 2291 289 2351 hodie
312 2291 417 2367 nequit
438 2289 509 2366 legi.
545 2288 714 2348 Plurimum
736 2290 940 2348 atramentum
963 2289 1085 2366 insuper
1106 2291 1163 2352 dif-

200 2388 303 2448 fusum
332 2389 363 2446 et
389 2386 514 2462 pulvere
542 2387 714 2446 concretum
741 2384 849 2446 calami
876 2387 1164 2450 transcedisse

200 2477 363 2565 videtur.*)

268 2583 399 2642 Exstant
413 2585 516 2644 autem
528 2583 561 2643 in
570 2581 670 2644 codice
679 2583 800 2658 praeter
808 2580 902 2640 verba
912 2580 1164 2642 declamationum

199 2698 431 2756 sermonumque
450 2681 591 2740 continua
609 2681 641 2738 et
659 2678 758 2754 capita
776 2677 1026 2739 declamationum
1045 2682 1077 2739 et
1095 2681 1164 2740 sula

199 2777 393 2852 scriptionem
414 2776 500 2836 illam
522 2775 629 2836 breves
647 2779 737 2836 notae
755 2794 816 2836 non
833 2793 955 2854 paucae,
977 2776 1010 2836 in
1027 2779 1164 2856 margine

199 2866 363 2952 (exteriore
384 2865 577 2952 praesertim)
602 2872 772 2948 adscriptae
795 2871 914 2949 generis
937 2872 1023 2934 varii.
1065 2874 1162 2936 Perti·

198 2974 274 3030 nent
299 2970 378 3032 enim
400 2970 478 3030 aliae
501 2971 625 3046 adres,
649 2970 727 3029 aliae
751 2971 789 3030 ad
814 2970 918 3048 verba,
942 2965 1020 3031 aliae
1043 2972 1082 3031 ad
1105 2973 1162 3033 dis-

200 3068 381 3143 positionem
413 3069 589 3130 oratoriam:
626 3067 688 3126 illis
720 3067 824 3128 lumen
854 3068 977 3145 aliquod
1009 3071 1164 3146 orationis,

200 3164 410 3238 translatoria,
442 3183 534 3242 quam
563 3165 675 3228 Seneca
698 3157 729 3249 (I
747 3187 792 3243 pr.
813 3158 868 3246 23)
897 3166 982 3243 dicit,
995 3168 1163 3228 -seutentia

269 3317 295 3386 *l
314 3318 399 3388 Legit
417 3320 446 3374 et
464 3309 614 3390 descripsit
630 3319 750 3389 primam
769 3316 905 3388 paginam
919 3316 1052 3373 Pithoeus
1066 3319 1097 3372 in
1110 3335 1163 3373 sua

196 3387 325 3445 editione
344 3389 390 3459 (os.
409 3407 437 3460 p.
453 3389 551 3461 XXII).
