2692 3960
229 143 294 232 326
596 143 825 211 damnamur

317 308 424 374 cendit
457 311 490 372 et
520 329 653 374 uxorem
686 310 719 371 et
751 307 871 371 liberos
903 306 1076 372 interfecit.
1120 305 1192 371 vult

318 398 402 463 mori
427 419 551 482 pauper
573 397 700 462 ratione
722 396 758 460 in
781 399 897 460 senatu
919 395 1054 462 reddita
1101 395 1191 460 dives

317 485 352 552 Ο.
375 487 415 552 D.

558 641 560 646 .
625 571 799 638 SERMO.

195 723 211 772 5
297 700 454 784 Quotiens
486 699 549 764 hoc
582 718 683 783 genus
715 698 871 762 materiae
904 696 1024 778 divido,
1060 720 1191 766 necesse

230 790 336 854 habeo
360 789 394 853 id
417 788 536 872 dicere,
564 787 649 872 quod
679 787 745 852 iarn
769 808 864 870 saepe
887 785 967 870 dixi,
994 808 1046 851 me
1068 787 1192 854 nullam

230 879 432 944 voluntatem
460 877 651 961 cuiusquam
680 879 793 941 contra
820 875 966 940 themata
994 875 1193 962 intellegere.

230 968 371 1032 fortasse
396 969 492 1030 erunt
516 965 631 1050 aliqui,
660 965 716 1048 qui
739 963 929 1028 existiment
952 985 972 1028 a
994 986 1136 1050 paupere
1159 967 1193 1031 id

230 1055 337 1120 solum
365 1053 485 1138 quaeri,
517 1057 555 1118 ut
580 1052 736 1119 invidiam
764 1050 858 1117 diviti
886 1053 997 1137 faciat,
1032 1053 1117 1138 quod
1144 1054 1195 1120 illi

177 1165 210 1213 10
230 1143 416 1226 contingere
445 1144 543 1206 etiam
576 1140 657 1206 citra
689 1140 805 1205 mortis
838 1142 1041 1224 propositum
1075 1145 1194 1226 potest.

228 1231 283 1297 hic
310 1251 387 1317 ergo
418 1253 541 1315 pauper
564 1230 649 1315 apud
673 1251 724 1294 me
747 1229 833 1294 mori
855 1230 939 1295 vult:
969 1251 1065 1316 agere
1089 1231 1194 1316 debet,

228 1325 265 1386 ut
292 1321 460 1386 moriatur.
506 1319 582 1406 quid
606 1340 684 1404 ergo
708 1318 780 1384 est?
816 1340 883 1384 non
914 1318 1010 1385 aliter
1038 1320 1194 1386 invidiam

229 1409 323 1476 diviti
345 1409 444 1475 faciet
466 1410 649 1474 maximam.
681 1408 788 1492 prima
811 1409 958 1492 quaestio
982 1408 1040 1472 illa
1064 1413 1123 1493 est,
1151 1433 1194 1476 an

230 1499 345 1564 causae
378 1498 492 1563 mortis
525 1498 597 1564 ideo
630 1501 760 1562 tantum
784 1496 850 1563 sint
878 1496 1120 1584 adprobandae,
1152 1521 1193 1564 ne

178 1607 210 1657 15
229 1591 340 1671 turpes
364 1587 495 1652 lateant.

543 1706 882 1775 DECLAMATIO.

296 1836 382 1902 Mori
409 1835 493 1901 volo.
539 1834 663 1899 nullam
694 1839 763 1899 tam
785 1834 997 1900 inhumanam
1022 1837 1193 1921 quisquam

230 1925 402 1992 crediderit
434 1945 504 1988 esse
536 1923 653 2008 legem,
678 1927 715 1988 ut
742 1922 908 1988 hominem
931 1924 1136 1990 innocentem
1160 1931 1194 1992 et

230 2015 369 2078 invitum
393 2011 536 2077 detineat
555 2011 591 2076 in
615 2012 696 2094 luce,
719 2011 775 2076 sed
798 2013 847 2076 ita
866 2011 987 2096 scripta
1005 2014 1056 2078 lex
1075 2017 1134 2098 est,
1157 2019 1194 2080 ut

177 2120 369 2186 aopoenam
399 2100 514 2166 mortis
538 2101 725 2165 constituat.
770 2100 1016 2185 »insepultus
1049 2103 1194 2168 abicia-

230 2191 368 2275 turis,
401 2191 466 2275 qui
497 2211 573 2255 non
606 2189 888 2273 adprobaverit
916 2199 1089 2256 causas«
1133 2191 1195 2256 ira·

231 2282 331 2346 scitur
349 2299 427 2364 ergo
445 2281 498 2344 lex
517 2280 555 2362 ei,
580 2278 634 2363 qui
653 2300 719 2343 non
739 2277 928 2361 adprobatis
947 2281 1074 2344 senatui
1088 2281 1194 2347 causis

230 2369 377 2454 perierit,
402 2391 483 2454 quae
506 2368 652 2452 profecto
670 2388 736 2431 non
753 2365 835 2431 haec
853 2366 1061 2450 existimavit,
1085 2390 1195 2452 quem·

232 2481 329 2543 quam
353 2458 436 2522 mori
455 2457 540 2522 uelle
559 2456 627 2521 sine
647 2477 753 2520 causa.
787 2454 843 2519 sed
863 2477 936 2520 cum
954 2455 1071 2540 duplex
1089 2476 1194 2539 genus

177 2563 210 2612 25
231 2568 402 2612 causarum
427 2546 479 2625 sit,
503 2546 642 2610 alterum
666 2567 705 2609 ex
727 2544 846 2608 iniuria
868 2544 1029 2628 fortunae,
1056 2543 1195 2609 alterum

231 2658 268 2700 ex
296 2636 383 2700 mala
412 2634 622 2716 conscientia,
652 2632 714 2698 hoc
747 2633 854 2717 ipsum
886 2632 989 2722 uoluit
1021 2630 1196 2715 adprobari

232 2725 371 2807 senatui,
402 2745 515 2788 causas
542 2744 609 2788 non
642 2743 712 2786 esse
746 2721 914 2786 deformes.
961 2739 1076 2804 graves
1109 2721 1195 2787 enim

231 2834 301 2876 esse
331 2812 541 2876 manifestum
570 2815 633 2893 est,
665 2831 737 2875 oum
764 2809 862 2875 homo
897 2810 981 2874 mori
1012 2810 1100 2875 uelit.
1148 2811 1196 2875 ita

232 2901 359 2966 senatui
381 2921 447 2965 non
475 2901 513 2964 de
540 2899 603 2964 hoo
626 2899 885 2984 cognoscendum
908 2901 971 2982 est,
993 2897 1056 2964 hae
1080 2919 1196 2984 graves

178 3009 213 3058 30
234 3011 348 3056 causae
377 2987 492 3054 mortis
521 3009 563 3052 an
588 3009 664 3053 non.
719 3009 835 3073 graves
852 2987 952 3101 senirn
975 2987 1108 3071 inputat
1130 2988 1197 3072 ille,

303 3154 318 3200 2
338 3147 476 3201 rationem
495 3145 513 3202 i.
532 3163 553 3199 s.
571 3143 711 3199 redditam
731 3146 805 3212 ”lb
824 3142 949 3198 dividam
969 3147 1028 3210 An,
1049 3161 1118 3200 corr.
1133 3144 1195 3216 R⁰ll

232 3223 248 3272 8
268 3217 387 3286 pauperi
405 3219 451 3287 ΔΙΙ
466 3222 499 3272 10
518 3215 695 3284 contingeret
709 3219 729 3267 B
744 3216 753 3285 ss
769 3220 800 3267 11
816 3215 870 3268 hoe
883 3218 925 3265 Aa
938 3214 948 3283 ΙΙ
964 3220 995 3267 12
1010 3215 1053 3269 uti
1066 3219 1088 3268 B
1102 3217 1111 3285 {l
1125 3215 1197 3270 alter

232 3291 273 3340 Aa
286 3290 343 3357 1113
361 3287 448 3343 faciet
465 3287 541 3357 quod
558 3287 602 3341 illi
621 3285 783 3356 contingere
802 3301 876 3338 max.
890 3288 911 3336 B
926 3285 935 3353 ΙΙ
950 3290 983 3336 15
1002 3286 1122 3354 pateant
1138 3291 1197 3356 AB,

231 3360 331 3426 pet-ent
349 3363 382 3423 Ρ,
401 3375 470 3414 corr.
489 3357 534 3412 Ro
552 3363 577 3412 et
595 3357 637 3411 Ri
658 3359 668 3427 ll
690 3363 725 3411 20
744 3354 855 3426 mortis]
875 3355 940 3421 fort.
955 3354 1063 3410 *malis
1081 3357 1092 3426 ΙΙ
1109 3363 1143 3411 22
1164 3373 1197 3412 eo

232 3445 287 3496 quo
306 3430 369 3497 Aru
384 3435 418 3482 30
437 3429 562 3498 inputat]
582 3427 639 3482 iam
657 3428 740 3495 putat
759 3426 809 3492 Gr,
831 3425 915 3495 putat
933 3424 987 3480 Sole

727 3751 737 3780 Ι
