2668 3968
240 129 284 194 74
341 157 347 168 ‘
605 130 834 197 QUINTILIANI

237 313 302 378 qua
328 297 444 359 tamen
468 293 616 360 vindicta
642 294 822 379 contimt
865 315 929 379 per
958 315 995 359 ee
1026 293 1201 379 indignum

239 387 321 466 erat,
347 387 513 468 raptorem
539 383 661 467 inpune
687 382 817 468 fecisee3
848 382 1018 469 indignum
1041 390 1125 466 erat,
1152 384 1201 448 in·

238 471 323 538 iuste
346 470 551 556 repudiatam
574 493 644 537 esee
667 493 813 537 uxorem:
837 471 965 557 utrique
986 472 1115 538 crimini
1133 493 1200 536 una

237 581 345 644 poena
376 560 453 644 erit,
490 560 572 626 levis
605 561 743 644 quidem.
797 563 831 624 et
867 582 945 625 sane
980 560 1101 628 habeat
1136 560 1201 627 hoc

201 649 364 717 oluerum
386 670 508 734 magna
530 649 690 734 nequitia,
719 647 806 733 quod
828 670 895 715 non
916 648 985 716 fere
1006 649 1116 734 puniri
1138 671 1199 734 pro

236 738 365 802 meritis
399 742 519 823 potest.
578 738 621 802 ab
656 738 715 802 illa
747 737 878 822 quidem
910 742 1007 822 rapta
1036 736 1203 804 vindicabi

238 847 298 891 nos
321 847 403 910 ipsc.

621 929 817 1000 oonxnl.

341 1056 610 1138 Ignominiosus
633 1055 757 1124 contra
779 1056 856 1123 tres
878 1055 1097 1137 rogationes.

184 1198 219 1247 10
238 1180 305 1259 Qm
341 1199 465 1248 unicus
507 1199 769 1248 aoenrroxmus
803 1198 1089 1247 corrasumnmr
1130 1198 1200 1248 nuc

328 1289 514 1354 maurum,
535 1287 787 1338 1euou1n10sus
810 1287 876 1337 sm.
909 1268 1044 1336 Duabus
1068 1269 1201 1355 quidam

328 1360 553 1446 rogationibus
588 1360 799 1444 contradixit3
834 1381 901 1424 non
934 1359 1050 1425 tenuit.
1100 1359 1201 1424 tertia

327 1448 457 1536 rogatio
479 1447 656 1532 ferebatur,
685 1471 749 1534 qua
771 1447 951 1533 ignominia
972 1447 1201 1513 remittebatur

327 1537 465 1603 notatis:
483 1537 679 1604 contradixit
697 1541 730 1602 et
748 1536 837 1619 huic;
855 1558 921 1602 non
934 1536 1050 1602 tenuit.
1081 1535 1201 1602 dieitur

327 1626 574 1710 ignominiosus.

550 1779 888 1850 DECLAMATIO.

301 1904 372 1982 Qui
390 1906 517 1972 tribus
535 1907 810 1991 rogationibus
830 1904 1114 1972 contradixerit
1130 1927 1199 1973 nec

238 1995 426 2078 tenuerit,
449 1996 735 2080 ignominiosus
760 1996 822 2060 sit.

305 2083 374 2149 Lex
399 2084 573 2150 manifesta
600 2083 676 2165 (et)
705 2082 861 2166 (fortasse
893 2105 1127 2168 supervacuum
1156 2090 1202 2151 est

183 2188 220 2239 20
238 2173 375 2254 adicere,
393 2177 615 2238 verumtamen
629 2172 831 2255 permittitur
844 2175 878 2237 ct
891 2172 953 2237 boc
966 2172 1089 2258 dicere)
1103 2173 1200 2239 iusta.

223 2262 311 2347 ,quis
340 2261 471 2344 <enim>
498 2260 621 2332 maiore
652 2261 834 2346 ignominia
860 2260 976 2346 dignus
1005 2264 1068 2342 cst,
1101 2283 1200 2346 quam

238 2348 337 2415 bomo
359 2349 537 2434 inquietus,
562 2350 617 2433 qui
638 2349 779 2433 publicis
802 2348 1002 2414 utilitatibus
1025 2354 1077 2415 ter
1099 2350 1200 2415 obsti-

237 2437 338 2504 terit?
361 2438 418 2524 qui
440 2459 482 2503 ne
505 2441 594 2503 metu
617 2437 746 2522 quidem
764 2438 963 2524 ignominiae
977 2438 1019 2503 ad
1033 2439 1200 2504 silentium

239 2528 406 2613 compelli,
430 2525 549 2592 saltem
571 2527 684 2606 tertio,
707 2526 872 2610 potuerit?

183 2631 220 2680 25
305 2615 396 2701 Ergo
423 2615 463 2680 de
491 2615 563 2699 lege
591 2615 734 2680 dubitari
760 2613 843 2679 nihil
870 2618 993 2700 potest:
1025 2615 1203 2700 videamus,

240 2726 283 2769 an
305 2703 360 2769 hic
381 2705 416 2768 in
439 2703 544 2788 legem
566 2703 724 2769 inciderit
756 2703 861 2768 tribus
879 2704 1106 2789 rogationibus
1126 2725 1202 2770 con-

238 2791 384 2858 tradixit.
416 2812 496 2855 num
513 2790 661 2856 fallimur
678 2791 838 2857 numero?
854 2814 933 2857 num
951 2791 1075 2877 aliquid
1089 2792 1202 2859 adver-

238 2900 294 2945 sus
313 2879 411 2944 istum
431 2879 627 2946 mentimur?
655 2900 721 2945 non
736 2881 800 2962 [ut]
816 2880 942 2965 opinor,
960 2880 1067 2966 ipsum
1082 2881 1200 2964 sdtem

311 3058 326 3106 1
346 3053 490 3108 contineat
507 3058 569 3122 n,
587 3069 654 3126 pstea
670 3055 794 3125 requitur
811 3055 872 3121 Bo,
889 3071 958 3112 coir.
978 3054 1020 3110 Gr
1046 3057 1055 3124 ΙΙ
1082 3054 1139 3110 ind.
1158 3058 1201 3111 eet

236 3128 279 3178 Aa
291 3125 331 3193 112
350 3123 483 3180 iniustam
498 3126 573 3194 Ana
588 3126 766 3182 criminien
780 3127 820 3195 116
835 3127 870 3181 ab
884 3130 1008 3194 aequ!
1022 3125 1201 3194 nvindioavit

237 3196 367 3321 eeu
543 3195 588 3324 a
600 3197 781 3323 'cua
793 3195 1065 3323 cums
1078 3195 1201 3335 'usu

237 3282 286 3463 ἐξ,
293 3268 554 3480 [tutpmtepliessenibb
571 3268 702 3409 fluidiora
719 3271 779 3410 ign'.¹
796 3284 1004 3407 nnfenuiore
1022 3283 1114 3409 aeign.
1132 3285 1179 3392 ’nc
1191 3311 1201 3412 t}

1307 2551 1313 2830 t
