2640 3968
392 117 709 176 DECLAMATIONES.
731 120 848 179 conv.
1060 125 1104 189 41

142 283 321 364 contraque
351 301 436 365 eam,
465 302 548 366 quae
570 283 657 349 huno
679 285 714 348 in
737 285 869 350 exilium
891 286 1004 352 misit?
1039 311 1105 354 non

139 368 212 432 inre
236 390 332 452 novo,
360 369 418 434 sed
441 376 550 436 vetere
573 376 671 456 atque
694 374 774 438 olim
796 376 976 441 constituto
999 399 1104 443 rever·

141 478 198 521 sus
218 461 278 541 est,
296 479 428 523 manere
443 460 544 524 etiam
557 460 641 526 eitra
658 461 743 527 hano
761 464 967 548 rogationem
985 470 1104 548 potest.

140 545 181 609 de
203 567 267 629 quo
286 545 475 632 priusquam
494 549 619 634 loquar,
640 552 825 617 necessario
842 551 934 636 illud,
957 554 1043 638 quod
1062 555 1104 620 ab

140 634 338 700 adversariis
365 635 627 722 frequentissime
654 639 819 706 obiectum
847 645 911 725 est,
942 642 1143 727 depellens

4 775 10 808 ,
140 723 219 787 dnm
233 724 369 790 videtur.
400 723 486 810 „Cur
508 727 605 812 enim,
627 727 788 813 inquiunt,
810 730 838 794 si
861 751 1026 796 remanere
1046 753 1104 796 suo

138 813 211 877 iure
229 817 369 897 poterat,
387 816 571 899 expectavit
582 818 829 902 rogationem?“
851 817 899 884 Ut
911 819 1105 885 verecundie

139 901 171 966 ei
199 901 280 968 adeo
307 902 391 967 nihil
418 904 504 990 apud
531 925 590 970 vos
617 907 737 990 prosit,
765 909 803 971 ut
826 907 925 972 etiam
947 908 984 972 in
1006 929 1105 974 eausa

138 991 319 1076 plurimum
352 999 483 1059 noceat:
521 999 598 1059 ante
630 995 740 1060 omnia
775 1016 840 1060 uon
867 996 969 1062 miror
1000 997 1104 1062 homi-

138 1101 216 1144 nem
248 1080 368 1147 iudicia
402 1082 525 1148 totiens
557 1083 733 1149 infeliciter
764 1089 948 1169 expertum,
984 1090 1036 1152 tot
1067 1087 1103 1150 in
1123 1101 1160 1150 10

140 1168 275 1234 civitate
296 1169 446 1236 inimicos
469 1171 658 1256 habentem,
691 1172 774 1238 nihil
796 1177 975 1258 temptasse
997 1175 1103 1259 prive-

138 1258 210 1324 u‘m
244 1259 390 1343 litigavit
412 1259 566 1326 innooens
589 1283 677 1326 reus:
700 1262 872 1327 damnatus
896 1266 954 1327 est.
987 1263 1104 1328 detulit

140 1347 323 1414 adfectatae
345 1349 526 1432 tyrannidis
545 1362 636 1414 reum
655 1349 709 1436 (ut
730 1371 807 1436 pars
825 1351 969 1416 iudicum
993 1351 1103 1438 putat)

141 1437 365 1502 manifestumz
393 1437 625 1521 impedimento
647 1440 796 1523 publicae
818 1438 1035 1504 humanitatis
1057 1441 1103 1503 vi·

140 1531 213 1590 etus
227 1529 287 1591 eet.
310 1525 406 1592 hodie
423 1529 506 1592 citra
522 1528 727 1613 rogationem
746 1529 931 1594 contraius
949 1532 1104 1611 vestrum,
1124 1543 1159 1592 15

140 1618 257 1680 contra
291 1618 490 1699 potestatem
526 1617 639 1701 populi
674 1617 857 1702 pugnabit?
900 1617 957 1682 ille
992 1620 1104 1682 tamen

140 1703 223 1768 mihi
246 1704 338 1788 alias,
360 1707 402 1788 et,
423 1709 462 1769 ut
480 1705 555 1790 dixi,
577 1705 744 1790 graviores
762 1706 797 1770 in
814 1706 949 1771 exilium
963 1705 1104 1772 abeundi

140 1813 256 1858 caum
279 1793 408 1858 videtur
425 1792 586 1859 babuisse.
614 1794 784 1859 absolutos
803 1799 858 1860 est
871 1794 1001 1880 quidem
1020 1815 1104 1877 reus,

141 1881 198 1946 sed
215 1881 423 1946 innoeentem
442 1902 476 1947 se
495 1903 565 1948 esse
582 1884 762 1949 accusatori
776 1884 920 1949 nondum
933 1883 1103 1968 persuasit

141 1990 204 2055 ego
235 1991 312 2035 vero
340 1991 408 2036 non
434 1972 548 2057 miror,
580 1972 664 2056 quod
692 1973 746 2038 hio
771 1972 870 2038 timet·
895 1972 1000 2038 adhue
1028 1972 1103 2037 civi·
1123 1985 1160 2035 no
1231 1969 1235 1978 '

140 2060 218 2142 tati,
257 2059 343 2143 qnod
374 2060 464 2124 velut
494 2061 725 2145 inpendentem
757 2063 919 2145 quendam
953 2061 1103 2126 omnibus

140 2147 237 2212 nobis
264 2148 392 2212 ruinam
420 2149 582 2233 suffugere
610 2154 643 2214 et
671 2151 808 2234 evitare,
836 2150 921 2234 quod
943 2148 1105 2234 praevidit

141 2236 334 2321 perieulum,
362 2238 463 2322 cupit:
496 2237 552 2303 sed
579 2241 673 2303 tanto
700 2239 806 2324 magis
833 2237 1020 2303 retinendus
1043 2241 1103 2302 est.

140 2323 298 2390 Putemus
322 2325 447 2410 alioqui
469 2327 552 2391 eitra
574 2327 781 2412 rogationem
799 2327 900 2392 talem
917 2326 1105 2391 institutam

140 2434 212 2478 esse
234 2413 352 2498 legem,
375 2415 480 2498 qualis
504 2420 598 2499 esset,
621 2416 650 2480 si
667 2415 721 2481 hic
738 2416 773 2480 in
790 2416 923 2482 oivitnte
937 2435 1105 2480 remanere
1124 2428 1160 2478 to

142 2501 251 2568 vellet.
296 2503 349 2567 lex
372 2503 451 2586 qnid
473 2504 573 2569 dicit?
615 2505 704 2589 »qui
726 2507 918 2568 secretum
941 2502 987 2568 ad
1009 2524 1105 2567 rem·

139 2590 338 2673 publicam
374 2592 577 2676 pertinens
609 2593 783 2658 iudicare
814 2591 1001 2675 voluerit,
1036 2590 1105 2653 he.-

140 2679 231 2743 beat
253 2681 480 2745 remanendi
503 2685 766 2765 potestatem«
810 2699 906 2746 nemo
934 2677 1106 2762 dubitabit,

141 2787 184 2830 an
207 2767 412 2832 indicaverit.

207 2854 318 2920 Verba
340 2856 443 2942 igitur
466 2857 550 2943 legis
568 2879 628 2942 pro
650 2856 746 2924 nobis
770 2857 892 2942 omnia,
916 2856 972 2922 sed
995 2855 1036 2920 ad
1059 2855 1106 2919 in·
1124 2870 1159 2920 30

139 2945 410 3028 terpretationem
429 2945 607 3012 voluntatis
630 2967 792 3012 vocamur.
822 2968 882 3012 neo
901 2945 988 3010 enim
1007 2943 1106 3026 serip-

212 3124 231 3172 4
249 3118 327 3188 quod
345 3135 395 3176 om.
415 3123 438 3171 Δ
460 3121 470 3188 ΙΙ
487 3126 503 3175 9
522 3119 668 3174 homiuum
686 3124 709 3172 Δ
728 3122 737 3188 i
756 3125 790 3174 10
808 3117 913 3175 iudicia
930 3135 980 3174 om.
1004 3121 1025 3169 Β
1043 3117 1054 3185 l
1073 3121 1106 3170 13

138 3189 284 3244 adfectata
302 3191 333 3244 et
350 3192 396 3259 tyr
414 3194 480 3242 sall
494 3193 508 3274 ll
520 3198 552 3246 15
571 3193 670 3246 eontra
688 3195 745 3257 ΑΒ,
764 3207 833 3247 corr.
851 3191 931 3258 Aerl
947 3195 980 3244 16
998 3203 1107 3258 pugna·

139 3259 184 3314 vit
201 3264 250 3312 an
269 3263 279 3330 p
298 3265 333 3314 uo
350 3261 412 3315 tim.
431 3265 462 3316 at
479 3262 526 3317 hio
544 3266 564 3314 n
584 3264 594 3332 u
611 3267 645 3314 21
665 3261 810 3316 civitatem
829 3265 887 3328 nr,
905 3275 974 3315 corr.
993 3259 1036 3314 Gr
1049 3259 1058 3326 ll
1072 3263 1105 3312 us

141 3337 315 3401 aepmatur
332 3331 445 3402 *qualis
464 3331 580 3388 deberet
598 3347 656 3388 esse
674 3330 721 3387 vel
739 3349 786 3401 qu.
805 3333 888 3400 esset,
905 3333 939 3385 ut
956 3330 984 3384 h.
1003 3329 1021 3383 i.
1042 3345 1065 3385 e.
1084 3345 1105 3381 r.

139 3404 237 3471 posset
