2640 3968
224 169 269 236 30
591 167 820 235 omnnmnm

221 333 314 398 brevi
327 331 514 398 condicione
528 332 642 416 decidi,
660 334 697 396 ut
715 330 846 416 diceret,
865 354 928 416 qua
943 331 1009 398 alia
1025 333 1098 418 lege
1112 354 1186 398 cum

221 421 279 488 ailo
296 422 473 488 consistere
487 420 663 507 potuerim:
677 441 763 486 nunc
776 419 893 486 callido
907 424 941 485 et
954 423 1064 486 vetere
1078 443 1117 487 ac
1130 422 1185 488 diu

222 511 288 575 iam
311 511 498 596 excogitato
522 508 658 576 consilio
681 509 788 596 legem
809 531 876 574 non
899 508 940 575 ad
962 530 1054 576 reum
1076 509 1188 597 refert,

222 599 279 666 sed
302 598 343 666 ad
367 599 503 683 crimen3
527 602 560 664 et
582 603 750 684 tamquam
774 617 836 684 ego
859 598 945 664 nihil
968 598 1063 682 aliud,
1087 621 1185 685 quam

185 688 261 754 ede
289 689 410 754 amissa
438 686 628 774 virginitate
655 687 743 752 filiae
771 708 901 772 querar,
929 687 1046 754 recitat
1068 687 1185 775 legem,

221 798 303 861 quac
322 782 436 844 contra
450 780 599 860 raptores
614 777 737 862 scripta
751 779 808 841 est
840 795 902 862 ego
916 780 1036 861 autom,
1054 777 1184 843 etiamsi

219 865 390 1020 itit}
405 866 803 1039 itissff'niiaiipuiii}
815 868 1185 1042 ἕὲῗζῗᾞῗέἔὲωἶῗ

218 1045 288 1108 tum
310 1042 460 1128 inscripti
483 1043 634 1109 maleficii
656 1006 730 1130 le'ge
753 1063 850 1128 agere
874 1003 974 1110 etiaim
996 1064 1071 1110 cum
1090 1065 1184 1128 para·

167 1131 293 1211 rosito.
321 1131 373 1196 lex
396 1133 492 1216 enim,
515 1154 597 1217 quae
620 1132 731 1198 decem
749 1131 856 1197 millia
874 1132 998 1198 solvere
1016 1134 1184 1218 raptorem

218 1240 278 1304 pro
297 1220 408 1286 ablata
427 1221 619 1306 virginitate
638 1221 752 1304 voluit,
774 1223 889 1292 contra
908 1243 963 1287 eos
983 1223 1105 1306 scripta
1124 1224 1185 1306 est,

219 1309 275 1393 qui
306 1309 390 1374 nihil
418 1309 506 1375 aliud
534 1313 680 1394 egerunt.
726 1309 879 1375 differunt
908 1313 1018 1375 autem
1046 1310 1126 1375 haec
1150 1314 1185 1374 ct

217 1399 366 1482 personis
390 1403 424 1464 et
445 1399 647 1483 temporibus
677 1401 711 1464 et
733 1399 823 1464 locis.
877 1420 953 1464 nom
974 1402 1013 1465 ut
1034 1397 1183 1485 pulsatus
1314 1451 1315 1464 ,

218 1486 298 1553 civis
327 1486 520 1553 iuiuriarum
553 1491 643 1573 aget:
676 1487 705 1552 si
735 1486 949 1572 magistratus
978 1488 1053 1573 erit,
1084 1487 1183 1552 maie·

166 1591 198 1640 15
219 1576 315 1640 statis
352 1577 474 1641 crimen
511 1576 726 1661 obligabitu13
767 1576 796 1641 si
831 1575 960 1661 legatus
988 1578 1066 1662 erit‚·
1095 1575 1182 1642 bello
1314 1635 1315 1660 p

216 1661 434 1730 vindicabitur
452 1667 486 1728 et
504 1663 575 1728 iure
593 1663 754 1749 gentium3
775 1667 809 1730 et
826 1663 939 1730 eedem
957 1665 1094 1750 pecunia
1108 1665 1183 1730 sub·

216 1751 287 1816 lata
308 1772 349 1816 ex
370 1752 500 1836 privato
522 1750 648 1818 furtum
673 1753 743 1837 erit,
767 1774 806 1818 ex
830 1754 972 1820 sacrario
995 1755 1182 1839 temploque

217 1839 437 1926 sacrilegium:
461 1841 506 1906 sic
526 1846 641 1926 raptor
660 1841 739 1926 eius,
761 1863 843 1927 quae
861 1843 945 1908 nihil
964 1844 1061 1929 aliud,
1084 1863 1182 1928 quem

215 1928 436 2014 virginitatem
463 1929 569 1994 ultum
590 1930 667 2015 ibit,
695 1930 805 1996 decem
838 1932 943 1996 millia
966 1935 1083 2000 solvet:
1116 1931 1182 1997 alia

163 2031 197 2082 20
216 2017 280 2081 erit
301 2016 446 2083 condicio
468 2019 549 2104 eius,
572 2018 628 2103 qui
649 2020 797 2104 rapuerit
819 2020 854 2084 in
878 2021 1030 2106 comitiis,
1053 2021 1108 2107 qui
1131 2042 1182 2086 ra·

215 2105 324 2190 puerit
346 2127 427 2192 eam,
450 2129 533 2193 quae
554 2108 772 2174 sacerdotium
792 2109 935 2194 petebat,
957 2109 1057 2176 immo
1074 2130 1116 2174 ne
1133 2109 1182 2174 in·

98 2237 102 2242 ·
146 2243 149 2250 f
216 2197 329 2280 gratus
353 2195 416 2261 sim
439 2196 592 2263 adversus
615 2197 774 2263 beneficia
791 2197 904 2282 populi
922 2198 998 2282 iam,
1021 2201 1181 2283 quantum

215 2283 251 2347 in
268 2282 326 2349 illo
346 2288 425 2370 erat,
449 2290 628 2371 acceperat.
664 2288 764 2373 longa
780 2287 867 2352 ratio
891 2289 949 2372 est,
975 2287 1128 2371 quoniam
1146 2287 1182 2352 in
1248 2335 1251 2340 -

216 2377 442 2457 argumentum
468 2375 694 2441 tantummodo
723 2395 839 2441 causae
868 2374 965 2441 huius
993 2376 1032 2441 de
1059 2375 1181 2441 iniuria

163 2475 196 2526 25
214 2460 352 2545 parasiti
374 2463 500 2549 loquor.
536 2464 586 2530 Tu
610 2466 720 2530 autem
740 2463 824 2528 mihi
841 2485 908 2529 non
926 2462 1023 2529 debes
1041 2464 1180 2529 recitare

214 2549 332 2638 legem,
355 2574 437 2638 quae
461 2556 573 2620 contra
598 2553 780 2638 parasitum
799 2552 920 2636 scripta
939 2555 998 2634 est,
1022 2571 1096 2616 oum
1114 2572 1179 2635 quo

212 2661 282 2706 non
305 2662 377 2728 ago,
400 2643 457 2707 sed
480 2644 594 2708 contra
616 2645 658 2724 te,
682 2640 738 2724 qui
760 2639 909 2722 inscripti
931 2639 1082 2705 maleficii
1104 2657 1179 2705 reus

214 2749 248 2795 es
281 2731 362 2816 lege.
407 2751 511 2813 neque
538 2729 624 2794 enim
658 2726 734 2810 hoc,
764 2727 852 2812 'quod
875 2725 993 2792 dicitur
1014 2731 1179 2813 raptorem

215 2819 257 2900 [ἱ
283 2818 389 2899 milia]
425 2837 442 2881 e
480 2817 554 2903 lege
586 2815 711 2881 solvere
740 2819 892 2900 oportere
919 2815 949 2880 ei
972 2817 1092 2898 solues,
1123 2819 1180 2903 qui

160 2922 195 2974 30
214 2906 318 2972 dicat:
350 2904 537 2988 »rapuisti«
567 2901 646 2988 <sed
675 2903 745 2988 ei),
774 2905 831 2988 qui
858 2904 959 2970 dicat:
991 2910 1179 2992 »raptorem

215 2993 442 3078 commisisti«,
465 2992 522 3058 sed
544 2993 588 3079 ei,
621 2993 677 3078 qui
700 2993 799 3058 dicat:
827 2994 984 3060 »comitia
1006 2996 1179 3081 turbasti«,
1311 2999 1315 3060 Ι

285 3226 300 3276 1
318 3220 400 3278 bravi
417 3226 441 3275 A
467 3223 477 3292 ΙΙ
506 3226 606 3276 neum
624 3221 681 3279 alio
700 3227 736 3292 A,
764 3239 834 3279 corr.
853 3222 895 3279 Gr
921 3225 930 3293 ΙΙ
958 3211 1044 3279 si.
1062 3221 1177 3278 milibus

212 3293 258 3362 ΔΙΙ
273 3297 307 3346 14
325 3293 404 3348 euius
421 3297 445 3346 A
458 3295 468 3362 t
481 3292 647 3363 magestatis
665 3297 689 3346 A
707 3296 716 3364 p
736 3299 768 3349 15
789 3294 960 3365 obligamur
977 3301 1018 3349 A·
1036 3296 1046 3364 fl
1065 3299 1098 3350 re
1115 3293 1191 3348 vin:

213 3378 353 3436 dicavitur
370 3386 411 3436 Aa
423 3383 433 3452 11
447 3397 482 3438 ex
497 3382 559 3438 iure
579 3401 606 3454 g.
621 3382 675 3439 Set
689 3383 698 3452 ΙΙ
714 3388 746 3438 19
762 3371 804 3436 Ji·
814 3381 904 3439 millia
917 3387 941 3436 A
954 3385 964 3454 i
977 3389 1011 3438 21
1030 3399 1085 3438 nen
1103 3382 1177 3454 ingr.

212 3456 236 3505 A
249 3453 259 3523 t
272 3457 306 3508 23
325 3469 496 3524 quamquam
515 3454 568 3510 sec
582 3455 591 3523 ΙΙ
605 3460 639 3509 29
659 3457 703 3509 est
720 3453 783 3526 lege
802 3457 865 3525 Ast
880 3460 915 3510 30
933 3453 1005 3528 (sed
1024 3453 1072 3527 ci)
1089 3453 1134 3511 Ro
