2640 3968
223 187 289 242 XVI
596 185 814 242 PRAEFATIO.

223 359 252 414 p.
277 341 353 412 211,
380 341 419 398 12
449 331 677 418 confiteamiini
704 355 824 397 necesse
852 335 894 413 B,
930 337 1131 398 confiteamini
1156 340 1188 399 ni

311 453 374 495 nec.
398 435 422 494 P

222 588 466 662 prere-5
631 604 651 658 a

554 673 641 748 dixit,
663 675 782 748 patrem
820 665 879 753 (ita
908 678 943 734 ut
967 695 1059 752 supra
1082 676 1187 735 distin·
1290 671 1291 682 ¹

311 773 423 848 guendi
455 773 587 848 signum,
617 773 687 849 post
714 768 791 829 dixit
821 772 966 848 positum,
1004 774 1130 836 fortuito
1157 775 1188 832 in
1290 843 1291 864 Χ

663 873 681 902 ω

311 943 402 984 versu
420 925 573 1002 superiore
597 923 638 982 sit
661 915 697 1002 q)
718 921 746 979 B
765 967 772 982 .
791 965 798 983 .
818 968 826 983 .
845 923 921 984 dixit
938 925 970 983 in
987 925 1148 1000 patremP

311 1023 449 1100 deniqne,
472 1023 519 1082 oui
537 1023 601 1083 loco
623 1021 787 1096 plurimum
808 1020 909 1080 tribuo
932 1022 1085 1096 momenti,

223 1142 251 1197 p.
277 1123 341 1181 140
387 1164 519 1182 .....
547 1121 649 1179 fuerat
680 1121 752 1178 tuae
780 1137 881 1195 curae,
914 1121 985 1179 tuae
1018 1120 1187 1181 severitatis

311 1217 495 1278 intervenire
516 1217 519 1293 t
541 1221 572 1277 et
585 1216 699 1293 aliquid
712 1217 811 1277 facere
824 1216 942 1278 fortius.
980 1237 1035 1294 ego
1049 1217 1187 1278 fortunae
1290 1269 1291 1274 ,

311 1316 444 1392 agendas
459 1335 526 1376 esse
540 1315 656 1391 gratias
672 1316 746 1391 puto
762 1328 783 1382 q
799 1305 803 1395 t
821 1315 948 1375 emissus
963 1314 1072 1374 dicitur
1086 1318 1141 1375 eto.
1162 1315 1187 1374 Β

253 1427 256 1432 ·
457 1413 558 1473 fueret
581 1415 652 1472 tuae
679 1429 781 1485 curae,
808 1414 880 1471 tuae
905 1412 1073 1472 severitatis
1095 1413 1187 1472 inter·

311 1511 414 1572 venire
435 1510 439 1585 Ι
461 1511 587 1571 emissus
610 1509 720 1568 dicitur
743 1513 798 1570 etc.
821 1510 854 1570 P.
974 1507 980 1517 '

291 1608 369 1679 ouis
391 1609 506 1685 igitur?
530 1607 676 1668 Mentitus
700 1609 747 1667 est
769 1607 930 1686 egoaeus,
955 1608 992 1666 oe
1014 1609 1101 1668 nens
1125 1627 1187 1669 eor.

224 1707 301 1766 rosis
324 1709 394 1766 ete
422 1706 582 1766 ruderibus
610 1705 695 1765 brevi
722 1708 792 1764 ante
820 1705 913 1764 erutis
943 1704 1083 1764 locutus?
1120 1707 1189 1766 Non
1290 1693 1291 1764 i

224 1805 337 1880 opinor.
370 1803 466 1880 Atqui
489 1804 515 1863 si
537 1804 644 1864 habuit
666 1807 799 1863 veterem
820 1801 957 1876 codicem,
982 1823 1035 1862 eur
1052 1821 1113 1864 nen
1126 1807 1188 1864 tra-
1290 1809 1291 1878 ss

224 1903 300 1961 didit
328 1899 446 1978 operis?
475 1900 671 1962 Describendi
699 1901 776 1976 eius,
803 1903 840 1958 ut
867 1900 1034 1976 descriptus
1057 1901 1135 1961 liber
1156 1902 1189 1961 in

223 1998 362 2058 manibus
391 1997 510 2058 illorum
537 2000 630 2070 esset,
664 1997 737 2056 setis
764 1997 846 2056 insta
873 1995 951 2056 ratio
979 1997 1054 2072 fuit,
1084 1999 1110 2057 si
1136 2015 1189 2057 no·
1290 1995 1291 2068 t

223 2096 282 2155 luit
301 2094 453 2171 inquinari
470 2096 519 2154 vel
536 2112 659 2170 pessum
677 2093 743 2152 dari
761 2094 873 2153 librum
892 2113 988 2170 suum,
1007 2095 1189 2172 antiquitate
1290 2093 1291 2152 i

224 2193 425 2253 verecundum
444 2196 475 2252 et
492 2193 668 2268 pretiosum.
704 2191 817 2251 Verum
835 2211 873 2251 ne
889 2210 976 2250 suum
995 2192 1116 2266 quidem
1131 2191 1189 2251 sibi

223 2291 365 2351 habuisse
378 2290 573 2351 indicaverim
587 2291 680 2350 istum
693 2289 813 2363 librum,
825 2292 997 2349 mutuatum
1006 2290 1106 2365 potius
1121 2307 1188 2348 esse

225 2408 261 2448 ex
289 2388 414 2448 Senensi
440 2389 630 2448 bibliotheca.
676 2387 736 2462 Ita,
770 2385 795 2444 si
822 2386 990 2461 probabilia
1018 2385 1091 2446 haec
1119 2404 1189 2444 eon·
1290 2399 1291 2480 p

224 2487 295 2563 icio,
320 2505 379 2546 non
401 2486 501 2563 potuit
528 2487 593 2562 ipse
621 2485 672 2544 ille
704 2486 843 2550 vetustus
874 2485 977 2562 codex,
1009 2503 1098 2558 quem
1120 2483 1188 2541 red·
1290 2491 1291 2566 ζ

224 2585 294 2644 dere
317 2584 447 2644 debebat
469 2584 689 2660 incorruptum,
712 2584 744 2642 in
767 2583 917 2644 officinam
941 2580 1067 2654 demitti,
1090 2599 1188 2658 neque
1290 2591 1291 2644 ζ

223 2686 324 2742 tamen
346 2682 486 2742 inmerito
505 2683 592 2741 illum
610 2681 758 2757 Ugoletus
782 2679 940 2753 descripsit
958 2680 993 2736 nt
1010 2677 1188 2737 fundamen·
1258 2737 1262 2742 ,
1290 2655 1291 2726 t

224 2783 290 2838 tum
314 2797 386 2838 suae
409 2778 557 2838 editionis.

312 2875 505 2942 Firmandae„
518 2875 706 2934 coniecturae
734 2873 848 2958 accedit
874 2873 963 2948 illud,
993 2874 1073 2949 quod
1100 2891 1137 2931 ne
1161 2873 1188 2932 B

224 2976 345 3051 quidem
371 2975 462 3045 liber,
477 2972 570 3032 .unde
593 2973 666 3030 nata
689 2971 736 3031 est
762 2970 825 3030 sine
848 2969 939 3030 dubio
962 2970 1132 3032 Parmensis
1157 2975 1190 3030 et
1290 2999 1291 3040 ᾗ

224 3092 314 3150 quem
330 3068 517 3130 intercedere
534 3069 632 3128 iudico
650 3069 730 3127 intre
748 3068 833 3127 illam
852 3072 883 3128 et
900 3069 1054 3129 vetustum
1073 3069 1109 3128 de
1129 3089 1189 3146 quo

223 3170 371 3246 Ugoletus
401 3165 495 3227 verba
522 3167 594 3226 fecit
622 3167 787 3242 exemplar,
819 3167 884 3244 ipse
912 3167 971 3226 fuit
998 3167 1030 3225 in
1057 3167 1188 3226 officina:

223 3267 307 3325 nulla
330 3266 393 3324 eius
416 3265 509 3324 babet
531 3265 662 3341 vestigia·
686 3268 724 3340 et
748 3265 827 3340 quod
846 3263 969 3340 gravius
988 3267 1043 3338 est,
1066 3263 1190 3324 distino-

223 3365 320 3423 ticnes
341 3380 485 3422 versuum
508 3365 540 3422 et
557 3363 760 3423 membrorum
780 3363 899 3439 saepius
918 3362 1090 3438 discrepant
1106 3361 1190 3421 inter
1290 3429 1291 3438 χ

223 3461 249 3518 Β
278 3461 309 3519 et
330 3460 367 3539 P,
395 3477 492 3535 neque
519 3460 626 3520 literae
654 3461 797 3537 capitales
826 3461 938 3521 eisdem
967 3479 1085 3537 semper
1111 3460 1189 3521 locis
1290 3445 1291 3512 ἶ
