2670 3962
232 140 295 208 176
597 139 826 206 QUINTILIANI

230 305 313 370 biles
333 325 399 388 eos,
417 303 472 387 qui
486 306 642 388 paternae
655 291 941 368 animadversionis
953 302 1194 386 notamdepre-

229 396 355 477 eantur,
374 391 460 477 quod
478 391 659 476 periclitari
677 390 716 456 de
730 391 923 474 praeteritae
935 391 1016 456 uitae
1029 389 1193 476 dignitate

231 481 413 564 videantur,
431 480 470 545 de
488 501 553 564 qua
571 483 658 545 oerte
677 479 853 546 sollicitum
874 501 945 545 esse
962 479 1067 545 filium
1085 501 1194 545 meum

230 568 422 636 incredibile
445 572 504 634 est.
547 568 741 653 quantulum
763 571 814 634 est
836 568 933 653 enim,
956 568 1043 653 quod
1065 567 1195 634 abdica·

194 662 285 725 otus
308 658 380 743 erit,
403 657 459 742 qui
481 657 548 722 iam
570 657 734 741 parasitus
754 657 826 723 est?
850 678 945 741 quem
965 676 1037 741 ego,
1059 657 1192 741 iudices,

229 751 299 813 tam
318 746 483 813 obstinata
496 767 565 812 uon
582 745 764 830 praeceptis
784 746 891 812 solum
909 746 999 828 meis,
1020 745 1193 811 sedetiam

228 836 380 921 precibus
407 834 625 917 resistentem,
653 834 779 899 utinam
802 855 930 918 possem
953 834 1059 900 dieare
1082 839 1193 900 eontu-

230 945 369 990 maeem:
391 945 478 990 nuno
499 923 584 989 hano
607 923 775 990 licentiam
799 924 947 1007 oonoepit
966 923 1075 988 auimo
1095 923 1195 988 serri-

230 1013 321 1078 tutis.
365 1013 505 1078 multum
533 1012 619 1076 enim
643 1011 692 1076 illi
715 1008 767 1096 (ut
790 1033 843 1077 res
866 1009 931 1098 est)
954 1011 1092 1078 fiduoiae
1114 1011 1194 1076 facit

179 1119 214 1168 10
232 1101 339 1187 gratia
367 1100 583 1167 adnleseentia
610 1099 783 1184 locupletis
811 1104 845 1166 at
872 1100 1015 1185 prodigi,
1045 1101 1100 1185 qui
1127 1121 1195 1166 non

232 1190 341 1273 aliter,
369 1211 465 1274 quam
493 1189 521 1254 si
549 1187 588 1253 de
615 1188 750 1274 proprio
778 1190 941 1272 mancipio
965 1194 1130 1274 ageretur,
1159 1189 1197 1254 in

231 1277 294 1345 hoo
317 1278 402 1344 vires
421 1300 497 1344 suas
516 1276 667 1343 ostendit.
698 1276 812 1343 infelix
821 1282 864 1368 ‚et
881 1278 951 1343 ille:
975 1281 1044 1344 tam
1062 1282 1195 1362 turpem

233 1368 319 1434 enim
342 1367 446 1432 filium
469 1365 585 1449 habeo,
607 1370 645 1434 ut
667 1367 766 1432 etiam
789 1367 854 1450 ipsi
872 1366 1041 1432 obiciatur.
1062 1387 1123 1432 nee
1141 1388 1194 1433 me

231 1455 399 1541 praeterit,
430 1454 515 1522 unde
546 1453 627 1522 haee
653 1456 851 1540 frequentia:
887 1461 1121 1522 concurrerunt
1153 1455 1195 1520 ad

181 1561 214 1612 rt
233 1544 425 1629 spectandos
454 1544 534 1609 duos
561 1544 716 1628 rustioos,
743 1547 777 1610 et
804 1545 840 1609 id
863 1543 1003 1609 forsitan
1029 1544 1088 1610 hoe
1122 1543 1195 1628 ipso

232 1633 403 1699 iudicante.
448 1633 579 1715 marito,
606 1634 680 1713 si[o]
705 1633 766 1696 iste
789 1631 925 1717 ridetur,
957 1632 1048 1698 ouius
1076 1654 1197 1698 noman

233 1721 381 1806 equidem
394 1743 453 1788 uec
471 1721 628 1804 intellego
644 1742 706 1786 neo
724 1721 932 1805 interpretari
949 1742 1092 1806 possum,
1111 1720 1197 1806 quod

233 1815 380 1877 voeatur:
398 1831 509 1876 verum
525 1809 635 1876 neseio
653 1807 731 1892 quid
748 1829 820 1874 esse
833 1810 969 1894 turpius,
988 1831 1085 1894 quam
1104 1811 1196 1875 luxu·

233 1899 316 1964 riam
340 1903 429 1984 puto.
459 1919 522 1982 quo
545 1897 651 1999 magis
675 1901 784 1963 autem
806 1897 868 1964 hoo
897 1899 966 1964 eius
995 1899 1065 1965 vita
1083 1898 1196 1964 erube·

180 2005 216 2056 20
236 1987 780 2160 §caliidiliioiuinepssididuidsiilgea
808 2076 936 2142 labores
965 2074 1198 2161 gratissimum,

234 2186 301 2230 non
323 2162 509 2248 furgalitati
530 2165 660 2236 tantum
683 2165 902 2249 suffecturum,
925 2163 981 2230 sed
1005 2167 1038 2230 et
1056 2161 1197 2228 delecta-

234 2253 327 2337 tioni,
349 2251 378 2316 si
401 2250 567 2333 coleretur,
591 2249 673 2336 a<o>
697 2254 836 2319 dominis
859 2253 995 2319 duobus.
1036 2251 1099 2318 hoe
1123 2273 1196 2317 oum

235 2339 327 2425 †dio
355 2338 572 2424 evenissem†
598 2361 640 2404 ne
666 2341 747 2408 haee
774 2342 904 2426 quidem
932 2339 1094 2406 ducendus
1119 2361 1197 2405 uxo·

184 2445 217 2494 ae
236 2427 282 2493 ris
314 2431 347 2492 et
375 2425 612 2494 educandorum
639 2429 816 2497 liberorum
844 2451 943 2497 onera
968 2428 1128 2505 recusavi,
1159 2432 1197 2495 ut

235 2516 385 2582 relietum
413 2538 432 2581 a
459 2517 648 2599 parentibus
676 2519 756 2584 meis
786 2518 1001 2602 relinquerem
1023 2516 1090 2580 filio
1113 2536 1197 2581 meo.

237 2603 275 2670 de
295 2626 359 2690 quo
380 2605 451 2688 ipsa
471 2625 538 2671 non
555 2611 689 2690 questus
709 2629 794 2690 sum,
818 2627 895 2672 nam
913 2603 1083 2669 videbatur
1101 2602 1192 2668 labo·

307 2766 323 2813 a
339 2761 493 2844 praeterita
506 2766 537 2831 Δ,
556 2763 711 2846 praeterita
724 2765 753 2844 te
766 2767 796 2828 B,
815 2777 883 2816 eurr.
894 2761 973 2844 Aerjt
989 2765 1004 2814 7
1018 2757 1197 2842 precippbus

237 2835 278 2884 Δι
290 2830 433 2956 qlfpossrm
451 2835 499 2885 AB
513 2835 523 2904 tt
537 2833 612 2889 droet
629 2838 669 2886 Aa
682 2834 721 2902 lta
740 2833 806 2888 illut
823 2834 886 2902 dan
901 2837 933 2887 12
952 2847 1013 2914 ipse
1030 2836 1072 2884 Aa
1084 2832 1094 2900 ΙΙ
1109 2837 1141 2884 15
1157 2829 1199 2886 hu

237 2905 272 2969 Δ,
311 2920 321 2956 ι
339 2903 369 2970 B,
387 2919 455 2960 corr.
475 2903 519 2960 Ro
542 2907 552 2975 ΙΙ
568 2904 640 2960 haec
658 2908 719 2969 AB,
743 2919 811 2958 corr.
832 2903 873 2958 Gr
894 2905 904 2973 11
923 2909 956 2958 16
976 2902 1042 2974 sr[o]
1062 2903 1121 2958 edd.
1140 2901 1149 2969 ΙΙ
1165 2907 1198 2958 18

236 2989 323 3027 unum
341 2976 397 3043 ΑΒ,
417 2990 485 3030 corr.
505 2974 576 3059 Lot,¹
588 2991 627 3029 on
645 2973 773 3044 *(unum)
788 2977 884 3030 tamen
898 2974 938 3044 (ἓ)
962 2975 971 3043 tt
994 2973 1070 3028 esset
1086 2976 1109 3026 Δ
1131 2973 1141 3042 d
1163 2977 1198 3027 20

237 3061 326 3118 *feeit
339 3066 386 3115 ΑΒ
400 3064 410 3132 fl
423 3063 586 3119 memoria*
599 3067 630 3127 Α,
649 3062 803 3118 memoria?
816 3067 837 3117 B
851 3065 861 3131 ΙΙ
874 3062 964 3119 nostri
977 3066 1035 3131 AB,
1049 3077 1118 3117 corr.
1134 3059 1176 3115 Gr
1189 3061 1199 3132 lt

237 3139 271 3188 21
291 3139 355 3203 post
379 3133 493 3202 ‚,mihi.“
521 3133 654 3216 Narratio
676 3135 761 3217 fabro
784 3137 871 3250 colore
892 3132 1200 3271 {egutptgffmsspizufrao

237 3204 417 3345 atteret
435 3208 493 3358 ut
505 3207 556 3331 rt
569 3207 929 3358 urerentur„
942 3221 1000 3344 ,a
1019 3289 1052 3328 0,
1153 3275 1199 3331 Α..

237 3344 528 3487 aestuosus
543 3349 612 3484 tu.
624 3347 969 3472 terreretur
