2682 3956
374 133 693 192 DECLAMATIONES.
713 135 888 194 ccccxxii.
1048 139 1113 204 409

155 297 269 363 boris?
293 297 331 362 de
355 318 407 362 me
429 298 526 364 facile
548 302 611 364 est:
634 298 797 364 inveniam
816 304 955 386 patrem,
979 300 1036 365 sed
1054 300 1115 367 tibi

155 387 270 454 timeo:
295 386 380 452 soles
403 388 488 454 enim
510 387 698 473 periclitari.

519 596 756 667 oocoxxll.

324 723 497 790 Pulsatur
520 722 723 792 educatoris
746 723 947 807 expositus.

156 865 222 944 Qun
250 884 391 932 parauit
417 883 647 951 Puusavuarr,
679 883 796 933 Marus
824 884 862 933 ΕΙ
889 880 1151 934 memororum

245 971 407 1023 retroms
422 971 476 1022 slr
491 972 607 1023 serlo.
627 953 764 1032 Quidam
780 956 963 1041 expositum
974 956 1117 1039 sustulit,

244 1067 304 1130 pro
331 1045 400 1111 filio
424 1043 582 1111 educavit.
627 1046 776 1130 pulsatus
800 1047 841 1110 ab
866 1067 919 1131 eo,
948 1048 1117 1130 tamquam

244 1136 339 1219 pater
361 1155 475 1198 manus
504 1133 628 1198 incidit.
687 1135 818 1219 agnitus
847 1139 897 1199 est
920 1134 1118 1200 adulescens.

248 1221 405 1288 advocato
436 1222 581 1286 naturali
615 1226 705 1305 patre
738 1245 811 1289 cum
844 1223 1015 1289 educatore
1048 1223 1119 1308 agit

245 1309 387 1375 talionis.
1138 1327 1172 1376 10

313 1513 317 1518 “
394 1565 401 1586 ‚
464 1502 806 1570 DECLAMATIO.

224 1646 499 1712 Sceleratissimus
519 1647 672 1731 omnium,
695 1647 826 1730 iudices,
848 1647 986 1731 iuvenis,
1009 1648 1119 1732 ingra-

156 1737 220 1820 tus,
243 1735 294 1800 vel
319 1735 397 1819 quia
418 1736 524 1800 lucem
547 1736 702 1801 beneficio
721 1758 793 1801 meo
817 1736 943 1821 aceepit
965 1737 1018 1800 vel
1042 1737 1118 1821 quia

159 1825 220 1907 [in]
245 1828 387 1909 patrem:
415 1824 466 1889 bis
489 1824 651 1909 parricida
674 1829 733 1910 est,
757 1826 858 1891 semel
881 1825 977 1907 domi,
1000 1825 1118 1889 iterum

156 1916 192 1980 in
219 1914 300 1981 foro.
345 1934 443 1997 quam
470 1914 587 1980 marito
616 1919 767 1979 cruentas
793 1912 971 1999 perdiderit
993 1935 1118 1997 manus,
1139 1927 1171 1978 15

157 2003 186 2069 si
218 2003 291 2088 quis
324 2002 428 2067 adhuc
461 2003 636 2088 dubitabit,
668 2003 820 2087 aspiciat:
852 2003 971 2069 iterum
1004 2025 1055 2068 me
1085 2002 1119 2067 in

159 2094 333 2176 conspectu
361 2093 470 2156 vestro
497 2093 620 2178 pulsat,
648 2093 748 2158 etiam
775 2096 909 2157 truncus
933 2113 971 2157 ac
994 2090 1120 2172 debilis,

160 2180 231 2245 sola
244 2179 333 2243 rabie
352 2179 487 2264 integer,
501 2181 536 2243 in
554 2181 709 2245 miserum
729 2203 838 2245 senem
854 2179 999 2245 incurrit.
1020 2178 1120 2264 quid?

160 2269 188 2333 si
219 2267 356 2332 haberet
387 2268 526 2333 manus?
569 2289 606 2333 ac
640 2290 681 2332 ne
714 2271 787 2353 quis
818 2269 912 2332 illum
945 2268 1119 2333 codrcitum

160 2377 266 2441 poena
285 2357 389 2439 putet,
412 2355 512 2419 etiam
531 2357 683 2422 audacior
701 2357 807 2422 factus
827 2359 886 2422 est.
918 2356 1119 2421 debilitatem
1139 2373 1174 2422 to

160 2467 267 2510 meam
300 2443 499 2527 concupiscit
532 2449 565 2508 et
594 2445 624 2509 ei
654 2447 826 2530 praecipue
857 2444 1002 2528 corporis
1034 2446 1120 2529 parti

160 2533 325 2616 irascitur,
356 2553 415 2616 per
442 2554 539 2617 quam
568 2531 659 2598 vivit.
703 2534 824 2617 fateor,
852 2533 987 2615 iudices,
1014 2533 1121 2598 fateor

160 2621 391 2706 praecidendas
414 2621 516 2687 fuisse
538 2621 599 2686 has
622 2643 747 2705 manus,
771 2623 827 2686 sed
849 2643 920 2687 cum
940 2622 1040 2686 istum
1058 2622 1120 2685 tol-

161 2712 273 2778 lerent.
319 2731 379 2775 nec
407 2709 560 2776 erubesco
584 2709 686 2796 (quod
710 2711 751 2776 ab
774 2711 838 2776 isto
862 2710 1033 2775 minimum
1057 2706 1121 2797 est)

233 2907 251 2956 4
268 2902 442 2972 pulsatorem
460 2907 511 2955 ΔΒ
526 2905 535 2974 [ι
549 2902 690 2958 ducatoris
708 2908 731 2955 Δ
745 2903 754 2973 ΙΙ
773 2908 789 2958 t
808 2902 949 2959 incidatur
966 2905 1040 2974 1116
1059 2903 1120 2958 tha

161 2973 245 3030 lionis
263 2974 308 3027 hie
326 2978 351 3028 et
364 2978 498 3042 posteat
517 2976 527 3046 u
545 2980 561 3029 8
589 2975 623 3046 pf
640 2978 676 3041 Δ,
698 2974 775 3044 patri
792 2977 866 3046 ³i⁹
884 2975 1009 3030 naturari
1027 2976 1122 3046 Δ1114

160 3061 252 3135 ‘pap
271 3062 307 3130 cf.
326 3066 389 3128 417,
402 3066 486 3132 aeae.
508 3062 517 3132 ιι
538 3061 616 3117 aona
633 3077 684 3117 om.
704 3066 745 3115 ie
767 3065 776 3134 ι
799 3048 841 3119 atr
858 3068 882 3116 i
901 3066 911 3134 ι
936 3069 967 3118 ιι
987 3062 1123 3130 carcaa

159 3137 183 3188 Δ
205 3135 215 3204 ΙΙ
238 3139 343 3189 12-16
367 3133 612 3189 sceleratissimus.
625 3133 763 3202 .iuvenis‚
790 3135 917 3205 ingratus
934 3132 981 3188 vel
999 3134 1065 3202 quia
1075 3178 1081 3191 .
1093 3177 1118 3191 ..

161 3205 272 3276 accepit
289 3204 336 3260 vel
354 3204 421 3272 quia
439 3205 596 3274 inpetrem
614 3204 657 3258 bis
675 3204 818 3272 parricida
836 3207 887 3275 eet,
907 3223 927 3259 s.
943 3206 969 3259 d.
985 3205 1002 3260 i.
1019 3206 1038 3261 i.
1051 3204 1121 3273 foro,

161 3293 246 3344 quam
268 3273 379 3330 merito.
416 3273 778 3345 perdiderit....aspiciat
814 3293 874 3330 aaa
893 3277 1123 3346 comprehensione

161 3348 236 3402 emat
254 3365 272 3402 u
290 3347 444 3416 complacue
462 3345 506 3401 Ro
519 3348 529 3415 ΙΙ
543 3353 576 3401 19
598 3352 629 3399 Ν
650 3347 696 3416 ΔΙΙ
714 3353 748 3400 23
767 3346 952 3416 procidendae
970 3349 1016 3418 ΔΙ]
1030 3365 1123 3403 secum
1179 3385 1182 3391 ,

163 3417 229 3471 dum
248 3417 333 3472 istum
352 3423 392 3471 Aa
405 3419 415 3488 ι
430 3417 549 3473 tolerent
566 3421 600 3487 B,
621 3418 746 3473 colerent
764 3423 784 3470 1²
