2668 3968
394 145 713 204 Ductanfflorns.
733 145 860 203 ccuxss.
1060 147 1099 212 71

135 315 259 395 servet,
289 315 358 377 tam
386 310 571 395 perditurus
599 311 708 375 aliena
727 305 870 394 luxuria,
901 332 999 395 quam
1022 310 1102 377 sua?

135 422 195 466 cur
218 401 305 466 enim
328 421 394 465 non
418 400 553 486 quisque
575 398 753 466 abutatur?
1144 407 1148 416 ’

204 487 296 554 Haeo
328 488 367 554 ds
399 487 473 572 ipsa
499 488 572 572 lege
599 485 719 552 dixisse
746 487 827 554 satis
858 491 941 572 erat,
976 492 1103 554 remota

136 581 325 661 temporum
358 576 600 642 aestimatione:
632 596 716 642 nunc
747 575 926 659 videamus,
949 575 1028 660 quid
1052 576 1104 660 sit,

132 670 273 750 propter
297 664 383 751 quod
405 669 558 750 ponatur.
602 663 819 749 „Frequentes
842 664 976 748 tyranni
1000 663 1103 730 sunt.“
1122 683 1138 732 5

137 751 300 838 Primum,
342 775 440 839 quam
472 753 618 839 iniquum
649 756 713 835 est,
751 753 825 819 ideo
858 752 943 837 quod
975 752 1103 838 aliquos

135 842 306 927 Mprobos
333 841 471 926 habeas,
497 842 571 907 exui
598 841 806 926 patrimoniis
837 843 981 926 paternis
1004 845 1102 927 atque

134 930 235 996 avitis
279 952 334 996 eos
376 931 490 1010 etiam,
535 952 614 1015 quos
656 931 760 996 bonos
797 951 867 995 esse
904 931 990 996 cives
1027 951 1102 996 con·

135 1017 264 1086 stabit?
308 1041 385 1084 nam
422 1019 450 1085 si
486 1018 690 1104 tyrannidem
729 1018 895 1084 timemus:
932 1023 1005 1086 erat
1042 1017 1103 1084 ali·

135 1111 264 1194 quanto
288 1107 423 1193 aequius
446 1108 481 1172 in
504 1129 659 1192 personas
680 1129 801 1192 eorum,
823 1107 879 1195 qui
897 1111 1033 1192 possent
1055 1107 1157 1175 reiro

137 1196 291 1282 publicae
316 1217 387 1262 esse
410 1196 566 1280 suspecti,
597 1195 696 1282 dirigi
719 1195 879 1280 actiones,
907 1218 1005 1282 quam
1027 1218 1104 1282 poe

137 1307 215 1350 nam
239 1307 311 1350 esse
333 1285 499 1369 publicam
522 1288 627 1350 metus
651 1281 703 1369 (ut
725 1283 848 1370 dicitis)
866 1282 997 1369 publici.
1036 1283 1103 1350 Ad·

138 1373 198 1457 ice,
221 1373 309 1460 quod
330 1395 372 1440 ne
395 1374 569 1458 praecipua
596 1373 726 1458 quidem
754 1393 851 1438 causa
870 1377 920 1438 est
937 1371 1104 1438 adfectan-

16 1473 18 1528 ἰ
136 1462 199 1528 dae
221 1461 405 1548 tyrannidis
428 1461 619 1548 magnitudo
641 1460 850 1548 facultatum„
891 1461 971 1547 quin
992 1481 1032 1526 ex
1055 1459 1102 1526 di·

139 1571 233 1616 verso
265 1549 397 1616 facilius
429 1551 592 1635 aliquanto
631 1549 858 1635 occupaverint
894 1545 1100 1633 tyrannidem
1123 1567 1155 1618 15

137 1637 189 1723 hi,
221 1661 361 1724 quorum
387 1639 494 1706 fracta
519 1639 619 1723 ratio,
651 1660 789 1725 quorum
821 1638 934 1705 clauda
961 1637 1102 1720 fortuna,

138 1731 174 1794 et
202 1728 259 1813 qui
282 1732 369 1794 stare
391 1749 427 1794 re
450 1727 582 1813 publica
604 1727 696 1794 salva
717 1749 782 1792 non
804 1729 953 1812 possunt
988 1725 1104 1794 deinde

140 1815 222 1881 adeo
250 1837 319 1882 non
346 1815 502 1882 inhibetis
529 1817 594 1881 ista
620 1839 655 1882 re
682 1816 904 1900 tyrannidem,
936 1819 973 1880 ut
996 1815 1024 1880 si
1048 1815 1104 1899 qui

138 1905 176 1970 in
205 1905 339 1972 civitate
369 1909 484 1971 nostra
518 1904 684 1972 dementes
718 1908 807 1990 sunt,
840 1905 939 1971 etiam
972 1925 1103 1971 causam

138 1992 289 2060 habituri
316 1993 382 2059 sint
409 1993 616 2060 adfectandae
643 1991 833 2078 tyrannidis.
877 2015 955 2058 nam
978 1992 1007 2058 si
1030 1992 1102 2077 quis
1122 2010 1158 2059 20

137 2081 347 2165 tyrannidem
361 2087 506 2167 occupat,
519 2087 556 2148 ut
569 2082 676 2148 aliena
689 2080 777 2148 bona
789 2081 966 2166 possideat,
980 2084 1103 2165 quanto

140 2169 271 2237 facilius
300 2171 341 2235 ad
367 2171 576 2255 tyrannidem
602 2171 782 2257 perveniet,
808 2174 846 2235 ut
872 2191 932 2236 sua
954 2169 1106 2250 vindicet,

140 2263 203 2338 sua
225 2259 389 2344 recipiat?

536 2432 710 2503 oouxn.

379 2557 872 2641 nurtusurgmsrapur.
1125 2538 1160 2590 2⁵

141 2684 280 2751 lumsrr
308 2701 451 2750 aarum
474 2701 527 2750 εῖτ
550 2700 667 2750 acrio.
713 2683 777 2762 Qui
799 2682 943 2747 habebat
965 2701 1108 2766 uxorem,

232 2773 342 2857 rapuit
370 2772 541 2860 virginem.
590 2773 722 2858 nuptias
750 2776 847 2858 rapta
874 2769 1017 2855 optavit3
1050 2769 1108 2835 illc

235 2860 419 2947 repudiavit
441 2883 587 2928 uxorem:
613 2862 684 2947 agit
707 2861 765 2926 illa
787 2860 901 2926 iniusti
924 2855 1059 2944 repudii.

216 3094 232 3143 2
252 3065 374 3172 φύεζϊ
396 3092 407 3158 ΙΙ
428 3095 446 3143 4
464 3088 671 3146 existimatione
689 3090 737 3156 1²ss
758 3094 773 3144 7
792 3105 826 3170 er
844 3088 901 3144 suis
920 3088 993 3157 patr.
1011 3089 1056 3156 ΙΙΙ
1076 3090 1110 3140 14

140 3160 324 3216 facultatium
342 3163 384 3212 Aa
406 3161 416 3228 l
439 3160 555 3215 adverso
574 3157 612 3229 (P)
631 3157 675 3215 Ro
697 3161 706 3227 ΙΙ
731 3164 764 3212 lt
782 3157 935 3228 ahquaudo
954 3159 1015 3226 n,
1039 3172 1109 3212 corr.

143 3249 197 3306 aa
214 3251 225 3318 y
240 3253 273 3304 ιτ
293 3231 354 3319 reip
371 3253 403 3315 a
422 3247 451 3302 in
469 3247 651 3318 republican
669 3249 679 3315 y
699 3245 848 3318 quoinde
867 3244 932 3315 (ay
954 3249 986 3302 ra
1005 3245 1110 3302 natare

142 3323 238 3390 3120
257 3319 296 3373 st’
320 3323 366 3388 (=
381 3320 455 3390 suut)
474 3319 580 3388 Elqui
599 3319 692 3390 &1126
712 3316 839 3388 uxorem]
858 3316 966 3387 virgine
984 3321 1005 3370 Ι
