2692 3960
243 124 286 192 27
290 124 310 190 2
609 123 840 192 QUINTILIANI

245 309 279 354 se
309 289 497 373 destrinxit,
526 289 582 378 qui
609 310 705 373 opem
728 288 874 354 tulisset:
900 288 982 354 illud
1006 285 1057 374 (ut
1080 286 1215 376 opinor)

244 378 311 445 tsle
328 379 436 465 <est>:
460 379 515 465 qui
539 377 661 445 auxilio
678 377 824 462 iuvisset,
847 379 902 463 qui
921 379 1030 462 ermis,
1054 379 1110 464 qui
1129 400 1217 444 eom·

245 471 366 534 meatu.
407 490 475 535 non
499 469 569 535 sine
593 487 703 532 euuss:
725 465 806 532 heee
829 465 933 549 ipsius
955 467 1047 532 verbi
1070 466 1216 552 proprie·

245 559 297 622 tes
321 557 469 624 eontinet
491 558 609 643 legem.
644 555 756 639 quaeri
778 554 890 640 voluit,
913 578 957 622 un
976 556 1095 641 <qu>is
1119 577 1216 640 opem

210 664 226 714 5
245 645 390 731 tulisset,
422 645 562 733 quodem
585 644 690 731 †looo
714 665 847 710 manum
875 644 1087 730 deprehendit
1114 648 1148 710 et
1170 644 1217 709 fe·

243 738 369 801 rentem
393 735 578 821 coarguit's.

310 855 455 923 Causam
478 861 588 924 autem
611 856 745 922 huiusce
768 855 849 922 iuris
872 857 945 942 quis
968 856 1122 942 ignoret?
1147 859 1216 924 sni·

246 967 318 1010 mus
348 943 399 1034 (ut
428 945 559 1032 opinor)
583 946 651 1011 eius
680 945 834 1030 punitur,
861 945 917 1030 qui
943 944 1033 1011 hosti
1059 946 1215 1031 prodesse

246 1032 361 1100 voluit.
408 1035 562 1100 adversus
593 1034 808 1118 proditorem,
837 1033 991 1100 adversus
1014 1034 1144 1101 hostem
1167 1037 1217 1101 rei

194 1144 227 1192 10
246 1122 396 1208 publicae
430 1123 614 1208 eonsoripte
647 1124 700 1187 lex
732 1127 792 1189 est.
845 1145 926 1209 quae
959 1123 987 1188 si
1018 1123 1099 1188 tulis
1132 1129 1216 1208 sunt,

247 1209 324 1296 quid
348 1209 454 1277 simile
477 1212 529 1278 his
553 1211 725 1278 commisi?
754 1213 915 1297 templum
938 1211 1093 1280 dedicavi.
1129 1213 1217 1280 vids-

242 1299 363 1386 rimus,
397 1323 440 1366 en
467 1301 530 1368 hoo
558 1300 647 1367 hosti
674 1299 848 1385 profuerit:
882 1300 922 1366 ed
953 1320 1085 1367 eeussm
1108 1323 1216 1368 meum

242 1389 389 1541 pertinet
417 1388 507 1474 seiri,
540 1391 619 1480 quid
647 1409 708 1475 ego
740 1389 887 1469 fecerim,
918 1410 984 1455 non
1012 1390 1151 1476 quidex
1175 1413 1214 1456 eo

258 1481 367 1544 aetum
390 1479 443 1545 sit.

194 1622 228 1672 15
314 1604 380 1688 „At
406 1604 493 1669 enirn
520 1602 582 1670 hoe
608 1604 697 1670 hosti
720 1602 872 1689 profuit.“
918 1603 953 1670 Si
975 1604 1049 1670 ideo
1072 1605 1150 1690 feei,
1179 1611 1217 1672 ut

247 1691 337 1757 hosti
364 1693 566 1778 prodessem,
599 1715 677 1759 sane
706 1693 768 1758 sim
794 1692 861 1777 legi
889 1693 946 1758 isti
969 1694 1144 1777 obligatus.
1186 1695 1215 1760 si

247 1801 321 1845 eum
345 1781 468 1867 aliquid
491 1780 633 1848 facerem
654 1803 715 1867 pro
739 1780 892 1847 universo
915 1804 950 1846 re
968 1782 1109 1868 publice,
1132 1783 1215 1848 utile

244 1869 347 2022 gtiegn
375 1869 465 2024 hofsti
492 1870 570 1936 fuit:
598 1891 665 1936 uon
693 1867 744 1954 (ut
767 1868 900 1956 opinor)
931 1871 1058 1936 demnis
1082 1877 1214 1938 eonten-

267 1979 306 2023 en
330 1981 385 2024 um
422 1961 480 2025 uit.

190 2101 224 2150 uo
311 2079 486 2148 Videamus
515 2101 607 2166 ergo,
639 2081 772 2147 euhoe
799 2103 859 2168 pro
888 2105 924 2150 re
946 2083 1079 2169 publicu
1101 2083 1212 2150 fuerit.

242 2170 388 2239 nondum
416 2170 502 2250 dieo,
530 2190 613 2253 quse
639 2173 791 2236 seouturs
813 2173 951 2258 fuerint,
979 2173 1008 2238 si
1030 2194 1097 2239 non
1119 2172 1208 2238 dedi·

243 2280 383 2325 eussem:
414 2257 545 2324 interim
574 2278 649 2323 eum
676 2259 799 2343 pietate
828 2265 952 2346 vestro,
981 2260 1209 2345 Athenienses,

242 2349 367 2433 loquor.
406 2347 565 2430 templum
587 2368 656 2412 non
678 2349 761 2414 illud
783 2353 893 2436 vetus,
925 2371 992 2415 non
1014 2349 1095 2416 illud
1117 2372 1212 2434 pree·

243 2436 448 2502 sontissimue
475 2434 656 2521 religionis,
685 2459 753 2504 non
782 2438 863 2504 illud
892 2440 948 2523 sit,
978 2459 1083 2520 equo
1107 2439 1211 2503 totius

190 2543 223 2592 25
243 2525 385 2590 civitatis
425 2525 556 2588 nostrae
596 2525 721 2610 petitur
757 2527 947 2605 auotoritas,
990 2525 1046 2589 sed
1085 2545 1210 2592 novum

243 2611 374 2699 aliquod
418 2615 450 2676 et
491 2610 596 2679 edhuo
633 2615 854 2700 inexpertum:
896 2613 988 2678 video
1021 2613 1056 2677 in
1088 2612 1209 2681 finibus

241 2701 377 2766 nostrie:
401 2703 452 2764 est
469 2700 690 2770 dedicendum.
722 2704 804 2768 haee
822 2701 917 2786 enim,
940 2700 1132 2787 priusquam
1151 2703 1206 2769 de·

315 2915 329 2963 1
349 2908 565 2966 distrinxisse
579 2913 595 3017 p
616 2913 665 2967 rue
683 2913 715 2966 u
732 2927 787 2968 ro.
807 2917 871 2968 ano
889 2911 963 2967 unu
981 2918 1005 2966 s
1026 2879 1072 3056 pr
1092 2912 1210 2970 iuvene
1332 2870 1333 2928 ³

243 2979 392 3049 &inisset
409 2982 562 3053 B-l’flon
600 2982 661 3054 ipse
678 2983 720 3037 uel
737 2981 819 3039 istius
836 2981 873 3055 (9)
897 2985 908 3054 fl
930 2982 1025 3059 4<qu
1046 2985 1070 3040 is
1091 2985 1147 3040 our
1164 2987 1209 3055 to

243 3051 366 3177 gundum
393 3054 477 3109 modo
505 3061 552 3110 ete.
581 3053 648 3118 Sem
681 3069 737 3122 quo
767 3054 863 3110 dolum
893 3056 999 3110 mulum
1027 3056 1210 3126 reprehendit

269 3124 301 3177 tr
318 3125 329 3192 ΙΙ
348 3129 380 3179 12
400 3125 436 3181 ed
453 3125 507 3180 hoe
525 3127 625 3195 Atio
643 3125 698 3180 hoe
716 3141 766 3181 om.
786 3127 879 3196 Bure
898 3126 1064 3196 profuissem
1083 3131 1119 3194 B,
1145 3143 1210 3197 pro·

241 3193 344 3250 fuisset
361 3197 404 3266 Pss
423 3213 484 3251 sum
502 3195 566 3265 lege
584 3197 674 3264 31117
694 3197 760 3270 τεῇ
779 3199 829 3268 ΔΙ
857 3204 892 3252 20
911 3197 1011 3253 uthe
1030 3201 1071 3252 Δι
1091 3200 1103 3267 Ι
1124 3197 1211 3254 fuerit

243 3266 554 3393 hhdhemnnw
573 3269 617 3323 est
634 3270 697 3334 ΑΒ,
722 3283 802 3324 eurr.r
876 3271 943 3339 fluo
963 3267 1070 3349 aliquid
1088 3271 1210 3338 Aones

242 3353 257 3392 e
346 3354 381 3393 ue
399 3355 450 3394 om.
468 3340 496 3391 θ’
