2682 3956
397 139 714 198 DECLAMATIONES.
742 140 865 199 OOOLV.
1041 142 1105 209 387

148 305 275 390 pillum,
293 305 349 389 qui
367 307 488 387 taceat3
512 303 541 369 si
558 303 691 388 litigare
709 303 798 388 velit,
820 303 974 388 futurum,
992 308 1029 369 ut
1048 327 1107 370 sua

146 393 293 476 recipiat.
329 414 386 478 per
409 393 492 458 alios
517 393 631 458 deinde
655 393 873 458 internuntios
893 393 1106 458 sollicitatum

146 481 329 547 maritalem
366 481 525 566 animum,
561 480 618 566 qui
653 481 815 566 pupillum
851 481 935 547 falso
974 482 1106 546 crimine

147 569 299 636 adulterii
321 571 537 656 inquinarent
575 591 609 634 se
632 570 745 654 utique
765 569 919 635 maritum
942 569 1107 635 credulum

148 659 232 726 nihil
261 659 348 724 tanti
375 663 520 743 putasse,
549 662 586 724 ut
609 658 719 743 <non>
745 658 923 742 suspicioni
952 680 1028 724 suae
1057 674 1142 723 sao

42 761 44 766 '
150 747 325 813 tisfaceret.
375 748 430 812 diu
467 747 529 812 hac
563 746 678 813 fraude
714 747 918 813 inimicorum
950 746 1111 831 pupillum

149 839 357 921 tutoremque
372 835 533 921 deceptos.
561 835 619 901 sed
632 840 845 920 posteaquam
860 835 1001 901 veriores
1015 835 1112 900 amici

148 925 381 991 intervenerint
405 927 495 990 etse
523 924 814 1008 interrogaverint,
847 946 945 1008 quem
973 922 1110 992 actionis

148 1013 284 1079 haberet
306 1012 468 1098 fiduciam,
491 1013 650 1098 pupillum
673 1013 752 1077 item
776 1013 962 1078 seduxerint
985 1015 1018 1077 et
1036 1034 1111 1097 que·

149 1102 236 1167 relae
269 1123 384 1167 causas
418 1101 632 1186 quaesierintz
663 1105 734 1166 tum
763 1100 892 1167 demum
921 1101 1110 1186 apparuisse
1131 1118 1163 1167 10

149 1193 296 1257 mutuum
321 1211 478 1274 errorem3
507 1194 540 1256 et
563 1212 597 1254 se
620 1189 778 1274 quaedam
802 1189 920 1255 certius
945 1191 1045 1256 etiam
1068 1189 1109 1255 ab

151 1301 250 1345 uxore
280 1279 455 1363 quaesisse.
501 1279 628 1343 detecta
646 1278 746 1363 igitur
769 1278 881 1343 fraude
904 1279 1110 1344 inimicorum

148 1366 247 1433 facile
266 1366 442 1453 depositas,
461 1390 543 1453 quae
564 1366 664 1432 nullis
683 1366 901 1432 fundamentis
920 1367 1109 1448 niterentur,

150 1455 293 1520 actiones
317 1461 351 1521 et
372 1455 511 1521 reditum
535 1456 569 1520 in
592 1456 741 1540 gratiam.
775 1457 942 1520 setamen
965 1454 1109 1521 nondum

149 1543 299 1610 inimicos
325 1544 485 1629 effugisse,
509 1567 528 1608 a
551 1543 667 1630 quibus
690 1565 765 1608 rcus
785 1543 890 1608 factus
915 1543 966 1610 sit.
1129 1560 1161 1610 15

215 1630 395 1698 Accusator
418 1637 527 1698 autem
550 1654 616 1698 non
634 1633 826 1716 committet,
850 1632 877 1697 si
896 1631 931 1698 in
949 1631 1109 1719 pupillum

149 1720 275 1786 dixerit.
321 1721 354 1785 id
378 1720 463 1785 enim
494 1721 615 1786 crimen
638 1721 686 1785 illi
709 1721 841 1804 obiciet,
869 1721 956 1805 quod
978 1721 1032 1784 ille
1055 1742 1110 1784 no-

148 1809 247 1874 luerit
270 1810 403 1875 diluere.
448 1810 534 1875 dicet
566 1830 658 1894 ergo,
689 1813 822 1895 propter
849 1831 994 1875 amorem
1022 1808 1109 1873 adul·

146 1901 235 1964 torae
253 1898 346 1963 illum
365 1899 400 1963 in
419 1898 514 1964 domo
534 1899 652 1963 tutoris
671 1898 1014 1963 remansisse—nam
1033 1901 1109 1962 ente

147 1987 404 2072 quattuordecim
420 2009 531 2070 annos,
545 1987 734 2052 incredibile
745 1987 1108 2052 esterimen-reman-
1127 2003 1161 2052 20

147 2075 227 2139 sisse
246 2075 665 2160 ergo<propter>amorem,
683 2098 743 2141 nec
762 2076 852 2140 illam
871 2075 1107 2160 indulgentiam

144 2163 178 2226 in
198 2163 366 2227 retinendo
381 2164 506 2247 pupillo
524 2163 624 2228 fuisse
643 2165 772 2248 tutoris,
792 2163 846 2227 sed
866 2163 1108 2246 conscientiam,

147 2272 221 2315 cum
249 2250 347 2314 sciret
380 2251 465 2315 male
493 2251 626 2315 redditis
654 2250 849 2334 rationibus,
876 2273 943 2316 non
966 2272 1036 2316 esse
1059 2251 1106 2316 of-

147 2337 343 2402 fendendum
365 2338 535 2424 pupillum.
572 2338 700 2403 mulieri
719 2342 829 2403 autem
848 2339 953 2404 multa
971 2340 1106 2404 donata:

149 2448 367 2512 quaecumque
391 2425 629 2510 desideraverit,
652 2448 813 2492 concessa.
854 2426 905 2492 bis
930 2427 1105 2492 sceleribus
1124 2443 1159 2493 25

147 2515 285 2581 invicem
327 2515 481 2601 cognitis,
525 2515 630 2600 primo
671 2518 843 2598 utrumque
884 2515 1104 2581 excanduisse:

147 2603 263 2669 deinde
298 2607 439 2670 tutorem
467 2625 506 2668 ex
535 2603 731 2669 conscientie
759 2603 919 2667 rationum
958 2603 1106 2668 omisisse

144 2693 254 2776 potius
283 2692 481 2759 matrimonii
508 2691 701 2777 vindictam,
734 2713 831 2777 quam
866 2693 987 2757 mutuis
1015 2691 1106 2756 cade-

146 2780 266 2864 re<n>t
298 2781 487 2846 actionibus.
538 2781 585 2846 sic
620 2803 716 2866 pares
755 2784 966 2864 acceptasque
1001 2781 1104 2846 factes

147 2867 302 2933 rationes.
1124 2887 1158 2936 eo

215 3067 228 3113 1
248 3060 344 3114 tacent
360 3063 381 3112 s
395 3061 433 3129 lt
453 3058 518 3114 inde
532 3065 553 3113 B
566 3062 576 3130 Ι
590 3060 743 3116 sollicitum
762 3062 826 3129 Ast
845 3066 863 3114 4
880 3058 1042 3129 inquinaret
1063 3058 1102 3130 ”l

142 3134 158 3183 ὅ
177 3128 275 3203 (non)
295 3128 337 3184 Gr
356 3131 366 3200 t
387 3146 454 3184 suae
473 3146 519 3184 sus
540 3129 627 3185 icioni
643 3134 717 3200 ΕΗΒ
736 3129 939 3184 intervenirent
956 3134 1013 3198 AB,
1031 3146 1101 3185 corr.

141 3202 198 3255 Aer
220 3203 268 3272 119
296 3204 390 3257 autem
408 3202 453 3270 ΒΙΙ
471 3218 503 3255 se
533 3217 574 3254 ux
592 3206 616 3253 Δ
632 3203 689 3272 [112
714 3201 883 3270 quaesissem
903 3202 965 3272 Asfl
984 3201 1102 3270 decepta

140 3275 161 3324 B
214 3275 247 3326 13
266 3272 408 3341 depositus
427 3275 448 3324 B
470 3272 480 3342 1}
503 3276 537 3324 14
554 3270 604 3326 sed
622 3277 645 3324 Δ
662 3273 671 3340 ΙΙ
690 3277 723 3325 21
743 3269 900 3343 (propter)
919 3270 960 3325 Gr
973 3273 983 3341 [Ι
996 3275 1100 3325 28-29

142 3358 157 3395 c
195 3340 315 3414 ers<n>t
332 3343 376 3399 Rc
399 3349 423 3398 et
443 3342 482 3397 Rs'
503 3344 513 3413 t
536 3347 570 3397 30
593 3342 717 3398 actiones
735 3346 839 3409 ΔΜ
862 3372 894 3381 -
912 3358 994 3411 pares
1012 3343 1102 3397 factas

144 3415 330 3480 acceptasque
349 3414 472 3468 actiones
489 3413 538 3468 Bu

884 3503 942 3556 25*
