2692 3960
361 130 678 190 usensnsrrouus.
697 131 888 188 cccxxxrn.
1043 133 1106 197 311
1132 103 1134 108 ’

147 319 221 363 raro
240 297 333 362 valde
351 295 570 361 intervenient
588 294 838 379 controversiae,
859 294 894 360 in
912 296 1028 380 quibus
1046 295 1110 362 hoo

148 387 336 472 quaeratur,
369 407 410 450 an
438 385 480 467 is,
514 383 570 469 qui
596 383 719 469 ingrati
747 404 821 448 reus
852 387 917 468 est,
949 385 1110 468 acceperit

148 473 350 540 beneficium.
386 473 558 556 pleraeque
583 468 683 558 (sicut
700 468 795 558 haec)
815 471 985 537 devertunt
1004 494 1050 557 ec,
1073 477 1110 541 ut

149 563 357 648 quaestiones
385 561 544 644 habeant,
576 582 618 626 an
651 560 796 646 quisquis
825 560 985 646 acceperit
1013 561 1110 627 bene-

148 650 258 716 ficium
281 654 314 715 ct
335 670 403 714 non
424 647 613 732 reddiderit,
640 648 789 734 ingratus
813 647 879 714 sit?
925 671 968 716 an
991 649 1145 735 omnia,c

147 760 369 825 quaecumque
398 737 626 823 exigebantur,
656 740 824 822 praestare
853 737 1022 806 debuerit?
1068 761 1110 804 an

172 827 315 894 otuerit‘?

147 849 170 913 p
216 915 354 981 Gulosus
381 915 559 1000 figurarum
588 914 685 980 ducet
711 914 792 980 haec
820 915 959 1000 species,
991 918 1028 983 ut
1056 915 1109 982 bic

148 1027 272 1090 pauper
298 1004 441 1088 imputet
467 1002 574 1087 diviti,
602 1006 768 1088 tamquam
790 1001 1033 1088 praevaricatus
1058 1005 1110 1070 sit

149 1092 182 1157 id
211 1097 320 1159 autem
349 1093 377 1158 si
404 1091 626 1159 intellexerint
647 1091 784 1178 iudices,
815 1093 869 1159 vel
890 1097 1025 1178 propter
1047 1093 1109 1160 hcc
1130 1109 1163 1160 10

149 1181 244 1247 illum
286 1181 501 1264 damnabunt,
541 1179 627 1266 quod
668 1181 911 1264 praevaricatus
953 1183 1010 1267 sit,
1057 1183 1110 1249 vel

149 1274 284 1356 propter
311 1269 389 1354 hoc,
422 1268 509 1354 quod
531 1267 627 1335 bodie
652 1271 752 1354 certe,
783 1270 841 1338 ubi
863 1273 1020 1354 patronus
1043 1293 1111 1337 non

39 1415 45 1428 .
150 1363 298 1443 optatur,
328 1361 458 1425 accusat
480 1357 588 1442 illum,
611 1379 706 1442 quem
729 1360 800 1423 vult
823 1357 925 1424 videri
947 1360 1110 1444 praevari-

150 1448 277 1514 catione
300 1447 481 1513 dimissum.
519 1466 607 1531 ergo,
630 1444 717 1531 quod
742 1445 783 1512 ad
806 1467 914 1513 meum
938 1447 1110 1514 consilium

148 1536 302 1709 pgffiett,
323 1535 376 1602 hic
399 1536 522 1601 invitus
546 1536 627 1620 egit:
651 1556 689 1600 ee
712 1557 794 1620 quae
818 1535 1164 1622 dicendaaccepit,1c

460 1763 797 1833 DEOLAMATIO.

217 1890 280 1956 use
301 1890 465 1975 videlicet,
493 1890 628 1978 iudices,
655 1892 717 1956 hoc
741 1911 867 1977 quoque
889 1890 925 1956 in
947 1892 1111 1976 potestate

150 1979 318 2065 fortunae,
356 1983 393 2045 ut
422 1981 457 2045 in
487 1980 686 2047 contrarium
715 1979 803 2046 bona
831 1980 904 2065 ipsa
935 1983 1111 2046 convertet

151 2069 328 2134 maximum
355 2089 407 2133 mc
435 2089 454 2132 a
482 2068 582 2135 divite
606 2069 768 2153 accepisse
790 2068 994 2154 beneficium,
1026 2067 1112 2154 quod
1131 2084 1165 2135 2ο

151 2157 233 2220 mihi
252 2177 473 2222 consummare
492 2154 601 2222 studia
618 2158 807 2241 contigerat,
830 2158 903 2241 quis
922 2156 1113 2242 negaverit?

151 2264 227 2309 cum
259 2243 390 2308 interim
422 2244 636 2310 maximorum
669 2245 749 2310 mihi
784 2245 944 2310 malorum
981 2267 1112 2311 causam

153 2331 216 2398 hoc
238 2332 346 2416 ipsum
370 2332 489 2413 attulit,
513 2333 599 2416 quod
621 2333 754 2400 videbar
778 2333 926 2400 disertus.
972 2333 1051 2400 adeo
1074 2337 1113 2398 ut

152 2420 181 2485 ei
213 2420 295 2485 mihi
327 2441 442 2484 exuere
472 2419 557 2485 hanc
586 2423 712 2505 partem
742 2421 961 2505 persuasionis
992 2423 1112 2505 liceret,

153 2511 323 2595 amputare
352 2529 463 2574 vocem
491 2512 526 2574 et
555 2509 646 2573 velut
678 2530 806 2574 omnem
833 2531 927 2576 usum
957 2508 1113 2594 loquendi
1130 2525 1164 2576 25

152 2598 332 2683 perdidisse
365 2597 551 2681 maluerim,
589 2619 688 2682 quarn
720 2617 794 2662 cum
825 2597 956 2662 homine
989 2596 1027 2662 de
1060 2606 1132 2662 me'

154 2687 278 2773 optime
301 2687 418 2752 merito
447 2687 513 2752 iam
536 2685 588 2751 bis
612 2685 831 2754 consisterem.
869 2689 901 2751 et
922 2685 1041 2770 prioris
1063 2687 1111 2750 ta-

155 2797 230 2840 men
252 2776 362 2841 iudicii
384 2775 560 2842 manifesta
582 2775 747 2840 excusatio
771 2778 856 2840 erat:
878 2775 986 2840 iussus
1004 2775 1112 2859 loque·

152 2863 225 2931 ber:
257 2862 354 2931 bodie
382 2885 478 2948 quem
504 2863 636 2932 modum
658 2867 787 2931 teneam
811 2864 962 2950 actionis,
995 2864 1111 2949 quibus

225 3061 241 3111 8
260 3056 314 3110 hoc
333 3054 395 3109 dev.
414 3057 458 3125 ΒΙΙ
477 3059 494 3109 8
512 3054 626 3124 gulosus
643 3056 795 3126 figurarum
814 3055 899 3112 ducet
915 3056 985 3109 haec
1004 3073 1017 3108 s
1040 3053 1112 3108 ecies

151 3130 210 3197 ΑΒ,
229 3126 344 3197 gulosus
362 3125 515 3196 figurarum
534 3125 618 3180 ducet
635 3125 686 3181 hae
706 3125 814 3249 specics
833 3127 908 3194 edd.,·
926 3141 994 3182 corr.
1034 3124 1112 3192 ocfs.

152 3201 221 3265 292,
240 3201 257 3253 ὅ
279 3199 288 3268 l
313 3203 346 3252 10
367 3201 387 3271 q
407 3200 431 3250 Δ
453 3197 463 3266 ΙΙ
488 3201 599 3250 11-12
619 3195 701 3250 illum
739 3237 745 3248 .
765 3213 791 3264 q.
810 3213 837 3265 p.
858 3214 879 3250 s.
897 3213 924 3251 v.
943 3213 970 3265 p.
989 3194 1044 3249 boc
1062 3210 1112 3250 ons.

152 3269 204 3337 ΔΙΙ
226 3274 260 3323 20
278 3283 358 3323 meae
376 3268 453 3323 vitae
472 3270 493 3319 B
515 3268 525 3336 ll
547 3272 581 3321 21
603 3275 635 3321 Ν
655 3269 678 3318 Δ
701 3269 710 3338 ΙΙ
733 3267 795 3336 quis
813 3264 960 3337 negaverit
982 3265 1045 3334 quis
1063 3281 1113 3320 nc-

153 3339 264 3408 gaverit
281 3340 372 3409 31122
391 3340 465 3394 inter
483 3342 506 3391 Δ
525 3342 549 3394 et
567 3339 627 3394 edu.
647 3340 656 3409 ss
676 3343 709 3392 23
730 3337 855 3392 desertus
873 3341 913 3390 Aa
926 3337 935 3407 ΙΙ
954 3342 988 3392 26
1007 3336 1112 3392 malue-

153 3425 213 3462 ram
232 3411 322 3479 31127
343 3407 550 3481 consistere[m]
570 3408 612 3465 Gr
625 3410 634 3480 ll
648 3415 682 3464 28
701 3408 869 3478 loquebatur
885 3411 906 3460 B
