2682 3956
600 101 830 170 commum

611 297 824 366 ccccm.

379 424 536 507 negatus
558 421 880 506 commoraris
902 422 1053 490 occisus.

242 554 407 620 Lucam
434 565 699 617 simoniacum
726 565 792 614 sm.
835 564 1020 614 ruonmou
1046 564 1120 614 coir
1145 566 1200 614 ur-

325 657 429 707 ucam
451 655 599 706 nxmmn.
635 635 734 703 Cuius
756 637 844 702 filius
866 636 996 722 legatus
1019 641 1101 722 eret,
1121 659 1201 722 pro-

202 745 220 795 c
327 728 461 796 ditionis
493 728 667 794 mmmm
699 729 759 791 cst
807 729 1024 792 revertentem
1051 726 1201 813 legatum

327 817 460 904 quidam
483 815 609 883 occidit.
644 813 752 882 caedis
774 835 848 879 reus
870 817 929 878 est.

630 990 807 1058 SERMO.

305 1117 442 1184 Fatetur
464 1115 595 1182 caedem
617 1137 701 1202 reus,
724 1115 780 1180 sed
801 1117 872 1180 iure
894 1113 1047 1182 defendit.

552 1290 888 1360 DECLAMATIO.

189 1436 224 1486 ιο
307 1417 474 1506 ,Exulem
496 1418 612 1503 inquit,
635 1416 764 1484 occidi“
796 1416 882 1482 Exul
904 1416 962 1481 ille
984 1415 1113 1499 quando
1135 1415 1204 1482 iac·

241 1513 296 1576 tus
316 1507 388 1574 est?
411 1507 484 1592 quis
502 1507 597 1572 illum
615 1506 800 1572 accusavit?
823 1505 895 1589 quis
914 1504 1104 1570 damnavit?
1128 1504 1203 1589 quis
1329 1573 1330 1590 ,

242 1594 389 1682 expulit?
425 1595 518 1680 atqui
540 1595 586 1660 sic
608 1595 679 1661 fieri
701 1595 842 1679 exulem,
868 1596 963 1680 pater
984 1593 1073 1659 illius
1097 1614 1204 1658 exem-

241 1687 297 1772 plo
326 1688 389 1751 est:
422 1688 455 1749 et
481 1683 556 1749 inde
578 1684 653 1748 exul
675 1704 802 1769 quoque
824 1683 930 1748 dietus
953 1685 1018 1766 eat,
1045 1681 1141 1766 quasi
1163 1701 1204 1746 cx
1329 1705 1330 1720 ¹

244 1774 315 1841 solo
338 1773 445 1859 patrio
469 1772 632 1857 expulsus.
675 1775 800 1857 „pater,
822 1772 946 1856 inquit,
967 1769 1073 1855 illius,
1094 1769 1205 1857 prodi·

191 1878 224 1929 15
241 1863 342 1929 tionis
375 1860 547 1928 demamus
574 1864 639 1926 est:
670 1861 724 1925 lex
749 1866 859 1925 autem
885 1859 1016 1926 exulare
1039 1863 1074 1926 et
1096 1857 1206 1944 prodi·

244 1951 326 2018 toris
358 1951 479 2018 liberos
506 1949 628 2016 iubet“
672 1947 720 2014 Ut
746 1970 857 2014 omnes
885 1949 937 2013 lex
966 1948 1095 2034 puniat,
1127 1948 1206 2012 huic
1328 1979 1329 1984 κ

244 2043 357 2106 tamen
374 2038 541 2124 ignoranti
558 2037 724 2104 damnatio
742 2037 847 2121 patris
864 2057 981 2102 nocere
998 2059 1066 2103 non
1083 2035 1207 2102 debuit

244 2132 326 2213 puta
352 2129 388 2194 in
416 2127 580 2213 privatum
602 2126 828 2211 compendium
849 2126 1106 2212 peregrinatum:
1138 2146 1207 2190 non

247 2221 323 2283 ante
347 2217 421 2282 exul
444 2216 508 2283 erit
529 2215 649 2301 utique,
673 2237 770 2300 quam
794 2215 904 2280 scierit
926 2236 960 2280 se
979 2236 1050 2280 esse
1070 2214 1207 2280 exulem.

193 2322 228 2372 20
246 2305 366 2389 aliquis
388 2326 530 2389 poenam
553 2304 702 2387 sustinet,
724 2325 822 2389 quam
844 2303 987 2388 ignorat,
1010 2305 1043 2368 et
1065 2303 1133 2367 eius
1155 2303 1208 2367 est

247 2392 455 2477 condicionis,
485 2393 576 2459 cuius
600 2414 634 2457 se
657 2413 727 2457 esse
749 2391 876 2458 nescit?
913 2413 1009 2477 quem
1031 2391 1133 2456 talem
1156 2412 1206 2455 sa·
1328 2421 1329 2434 κ

247 2481 404 2566 crilegum
432 2480 583 2565 audistis,
614 2503 711 2566 quem
734 2479 948 2566 homicidam,
971 2502 1066 2565 quem
1088 2478 1208 2546 venefi-

246 2570 343 2636 cum?
360 2570 438 2637 novi
456 2568 584 2655 generis
601 2573 773 2635 nocentem
785 2569 948 2654 producis,
964 2573 1034 2634 tam
1049 2589 1208 2653 securum,

246 2663 284 2724 ut
307 2679 342 2724 se
363 2681 405 2724 ne
426 2661 597 2724 nocentem
620 2658 749 2743 quidem
773 2658 864 2723 sciat
903 2654 976 2741 Sed,
997 2656 1084 2741 quod
1106 2655 1208 2741 paulo
1328 2691 1329 2712 κ

194 2763 229 2814 25
248 2750 324 2813 ante
350 2747 553 2831 remiseram,
583 2767 681 2831 nego:
713 2768 779 2812 non
803 2767 914 2810 omncs
938 2746 990 2810 lex
1012 2744 1122 2830 punit,
1151 2744 1209 2810 aed

248 2836 405 2919 conscios,
429 2835 486 2900 sed
507 2834 683 2919 participes
707 2834 851 2918 sceleris,
874 2833 941 2900 illis
964 2834 1127 2920 irascitur,
1152 2833 1209 2918 qui

248 2945 322 2989 eum
352 2927 446 3008 patre
473 2927 618 3007 peccant.
667 2944 771 3008 neque
804 2922 890 2988 euim
922 2923 1110 2988 innocentes
1139 2921 1210 2986 ulla

248 3012 299 3078 lex
322 3011 426 3096 punit.
470 3013 504 3075 et
531 3009 674 3076 hicnon
698 3011 803 3076 solum
830 3011 1001 3094 innocens,
1029 3009 1211 3076 sedetiam
1328 3065 1329 3084 ,

319 3173 335 3222 2
354 3165 493 3237 legatus
510 3171 534 3219 Δ
552 3169 591 3237 μθ
618 3184 681 3222 reus
700 3166 832 3222 caedis!
855 3168 866 3236 fl
888 3173 903 3222 7
922 3163 1066 3247 Dlsssslllsff
1080 3169 1122 3219 Δι
1142 3167 1154 3236 Ι
1174 3171 1210 3222 1⁶

247 3237 327 3293 exul
345 3237 392 3308 ΔΙ
414 3243 448 3293 19
467 3237 587 3307 denique
605 3242 662 3306 n,
681 3253 749 3292 corr.
768 3237 837 3307 Rei
861 3241 966 3292 21-22
985 3255 1021 3292 au
1067 3236 1104 3292 tis
1123 3237 1211 3292 sacri·

247 3306 468 3446 ῗὲξὲἱηωῧεέἀῖιθ,
486 3307 535 3378 qui
553 3323 604 3365 om.
623 3310 669 3379 Ap
691 3313 725 3363 28
743 3322 800 3362 non
818 3308 908 3363 solum
928 3307 977 3362 sed
995 3312 1024 3376 B,
1042 3323 1099 3362 non
1118 3308 1212 3364 solum
1327 3305 1328 3328 ¹
