2668 3968
240 161 285 228 64
606 161 836 230 QUINTILIANI

241 324 404 403 simulata,
419 328 457 389 ut
470 325 642 410 plerisque,
665 326 828 391 excusatio
851 328 1008 410 superest,
1024 325 1064 390 'ut
1082 323 1201 389 diuam:

121 463 124 470 .
240 434 308 479 non
331 434 491 497 possum<

307 501 357 566 ‘Pu
379 523 456 568 rero
483 506 592 587 tanto,
620 501 823 587 adulescens,
848 502 966 568 fortior
992 505 1091 586 atque
1114 500 1205 566 omni

242 590 352 672 laude,
378 612 447 656 non
469 591 504 656 in
525 589 639 657 nostra
662 591 758 657 modo
780 595 944 676 tempora,
967 590 1023 655 sed
1047 590 1147 656 etiam
1167 589 1204 654 in

205 694 222 742 o
241 679 354 744 futura
376 679 487 744 omnia
509 681 639 745 saecula
656 681 795 764 dignior,
817 680 906 745 solus
920 679 1001 744 mihi
1015 678 1205 744 mortalium

241 767 360 832 videris
392 790 487 832 usum
518 768 673 853 pecuniae
709 769 923 852 intellexisse3
946 769 1048 852 (neo)
1079 767 1204 832 frustra

241 857 303 922 tihi
336 876 436 940 aequa
467 856 600 922 fortuna
632 860 761 922 tantum
794 857 1027 943 patrimonium
1055 855 1143 920 dedit
1172 858 1206 920 et
1316 875 1317 896 ³

241 946 276 1009 in
299 945 396 1010 breve
416 945 552 1010 humani
570 950 699 1030 tempus
719 946 801 1030 aeri,
823 946 926 1011 veluti
943 944 1063 1031 grande
1077 944 1203 1030 pondus

241 1033 395 1117 inposuit.
436 1034 681 1118 relinquendum
705 1039 775 1099 erat
798 1033 887 1100 istud
910 1037 943 1099 et
961 1055 1013 1099 res
1031 1033 1205 1098 transisset

190 1137 224 1187 ιο
243 1122 284 1186 ad
325 1121 421 1186 alios:
467 1123 659 1207 quandoque
695 1124 891 1207 locupletem
926 1123 1058 1188 fecisset
1093 1121 1204 1187 neseio

242 1231 338 1296 quern
366 1232 453 1276 mors
481 1210 633 1277 liberalis.
673 1212 756 1278 libet
782 1212 949 1278 vobiscum
975 1212 1065 1296 loqui
1091 1215 1205 1275 nostro
1303 1225 1307 1232 '

242 1299 384 1384 nomine,
406 1301 497 1364 avari
519 1302 680 1386 paruique,
702 1302 758 1385 qni
778 1299 899 1384 aliquid
916 1321 983 1365 non
1000 1299 1116 1364 fouisse
1136 1320 1205 1363 sor·
1316 1337 1317 1342 κ

243 1387 316 1452 dide
343 1387 410 1453 iam
437 1389 536 1455 etiam
564 1390 669 1455 scelus
698 1389 902 1454 existimatis.
946 1410 1012 1454 non
1040 1391 1116 1453 sunt
1138 1386 1204 1452 ista

243 1475 464 1560 <au>ferenda
481 1478 651 1544 nobiseum
669 1499 773 1563 nequa
792 1478 839 1542 ed.
850 1477 973 1543 inferos
997 1480 1125 1542 serrata
1147 1497 1207 1560 per

192 1579 225 1632 lo
244 1565 347 1630 vitam
375 1565 507 1632 fortuna
538 1567 753 1651 persequitur.
801 1565 881 1631 tolle
908 1587 1016 1650 usum,
1047 1564 1124 1649 quid
1155 1567 1207 1629 est

243 1652 403 1737 pecunia?
448 1652 528 1730 Quis
551 1655 654 1739 igitur
677 1675 755 1720 usus
778 1652 966 1718 honestior?
989 1653 1108 1718 nullus.
1146 1673 1205 1718 neo
1316 1635 1317 1672 ³

244 1741 297 1806 hio
320 1742 392 1825 lege
414 1742 519 1825 possit
540 1742 612 1806 fieri
634 1764 717 1819 reus,
741 1742 771 1805 si
793 1741 877 1805 hano
899 1742 1007 1826 ipsam
1027 1742 1206 1827 pecuniam,

244 1850 342 1912 quam
365 1850 424 1912 per
445 1833 497 1895 tot
520 1829 677 1895 beneficia
695 1829 817 1914 divisit,
837 1851 895 1914 per
918 1831 1030 1915 gulam
1048 1833 1207 1895 ventrem-

244 1938 307 2001 que
320 1917 566 1982 transmitteret.
582 1917 666 1982 nihil
680 1918 794 1984 obesse
808 1919 857 1982 rei
870 1919 1021 2002 publicae
1033 1918 1207 2002 videretur,

191 2021 226 2070 so
244 2005 273 2068 si
286 2005 441 2070 uitiorum
455 2005 623 2072 institores
636 2005 697 2071 hos
711 2007 842 2072 eosdem
851 2007 1207 2093 sumptusdivisissent.

244 2112 305 2177 ego
338 2114 414 2159 vero
446 2093 523 2160 huic
555 2115 742 2178 comparare
770 2117 811 2160 ne
837 2095 913 2161 illos
941 2095 1070 2180 quidem
1097 2095 1207 2179 timeo,

244 2181 301 2265 qui
319 2181 429 2264 aliqua
445 2182 481 2247 in
498 2183 681 2268 republica
695 2205 794 2268 opera
808 2188 995 2268 posuerunt.
1020 2184 1101 2249 haec
1120 2184 1207 2247 onim

244 2273 337 2334 muta
368 2273 401 2334 et
428 2270 616 2336 inhumanis
649 2275 775 2338 tantum
804 2277 991 2339 constructa
1018 2271 1207 2338 muneribus

246 2357 386 2441 speeiem
408 2359 504 2425 modo
528 2363 562 2424 et
583 2361 714 2426 brevem
738 2361 899 2446 quendam
918 2383 1012 2426 usum
1030 2359 1208 2444 voluptati·
1316 2427 1317 2432 ,

192 2461 227 2511 25
245 2445 307 2510 bus
330 2448 453 2512 nostris
478 2449 667 2515 attulerunt.
699 2453 734 2514 at
756 2449 886 2517 heronle
909 2448 1084 2514 referamus
1109 2446 1150 2512 ad
1167 2447 1209 2512 il-
1316 2445 1317 2470 ¹

245 2534 326 2618 lam,
355 2534 394 2601 de
423 2558 486 2622 qua
513 2538 609 2604 modo
632 2539 760 2605 loeutus
784 2560 869 2621 sum,
897 2537 1049 2622 speeiem:
1082 2541 1205 2620 quanto

244 2623 410 2706 pulchrius
450 2627 614 2712 integrum
645 2628 759 2713 populi
789 2627 928 2704 vultum,
955 2624 1127 2689 inlibatam
1161 2625 1208 2689 di-

245 2712 405 2796 gnitatem
428 2715 548 2780 uirium
572 2716 740 2782 servasse?
764 2715 792 2780 si
811 2713 852 2778 ad
870 2712 1061 2778 utilitatem:
1084 2717 1207 2795 quanto

317 2866 489 2942 6<neo>Ro
503 2872 542 2939 1ιῖ
562 2871 659 2941 aliqua
676 2876 708 2940 A,
726 2871 879 2940 aliquando
897 2873 927 2936 A,
946 2869 1052 2939 alioqui
1065 2867 1117 2936 Gr,
1136 2885 1206 2925 corr.

244 2936 289 3018 llo
302 2939 312 3008 ll
324 2939 400 2993 tanti
412 2945 436 2992 A
448 2942 459 3010 ΙΙ
472 2940 636 3016 dedi<ssa)t
654 2948 680 2998 et
694 2947 789 3012 postea
802 2939 1013 3013 inposui<sse>t
1024 2939 1073 3006 Gr,
1089 2941 1209 3007 fortasse

244 3008 426 3066 mtellexisse.
445 3011 550 3067 frustra
567 3016 588 3070 t.
607 3013 703 3084 aliqua
720 3013 740 3068 f.
755 3017 777 3067 t.
790 3030 816 3082 p.
832 3013 910 3067 dedit
923 3017 971 3067 ete.
991 3041 1024 3051 -
1043 3011 1187 3080 inposuit?
1197 3012 1208 3082 ΙΙ

246 3084 280 3133 13
305 3079 387 3152 [iam]
411 3081 466 3137 scu
487 3085 497 3152 ΙΙ
519 3084 699 3165 pecuniam
723 3100 787 3138 non
811 3099 884 3138 esse
909 3081 1134 3137 claudendam
1155 3087 1180 3135 A
1200 3086 1208 3153 Η

245 3149 414 3206 existimatis
427 3170 576 3223 psoumam
586 3171 643 3210 non
652 3172 711 3211 esse
720 3154 935 3210 claudendam!
949 3154 959 3220 ΙΙ
973 3160 1007 3207 14
1013 3151 1208 3226 <au>ferenda

244 3219 289 3275 Ro
302 3223 312 3289 ΙΙ
326 3222 364 3277 ad
380 3223 455 3278 feros
473 3230 497 3277 A
508 3228 519 3295 ΙΙ
531 3241 584 3296 per
596 3226 685 3282 ritem
702 3228 789 3281 ornsll
801 3227 812 3294 11
826 3229 859 3278 19
878 3224 974 3279 obesse
993 3224 1047 3278 tibi
1064 3223 1209 3280 videretur

245 3295 266 3342 B
279 3295 289 3360 ΙΙ
302 3297 338 3346 20
356 3293 493 3350 divisseut
506 3299 537 3365 A,
553 3295 702 3352 diluissent
710 3295 748 3365 (ἓ)
762 3295 807 3349 Ro
819 3297 830 3363 ΙΙ
843 3299 877 3348 28
891 3295 1021 3348 humanis
1033 3299 1075 3347 Ab
1089 3297 1098 3363 ΙΙ
1111 3298 1208 3350 tamen

245 3366 303 3431 Au,
322 3379 392 3420 corr.
411 3365 452 3420 Gr
465 3367 475 3434 ll
487 3367 616 3422 manibus
633 3373 657 3420 A
669 3369 679 3435 ΙΙ
697 3373 732 3421 24
750 3383 791 3435 sp.
810 3365 950 3420 modicam
969 3365 1009 3420 Gr
1022 3368 1031 3436 ΙΙ
1045 3371 1079 3420 2⁵
1099 3365 1208 3420 adtule-
1316 3389 1317 3392 ¹

245 3434 303 3488 rint
321 3437 415 3504 Atat
434 3437 574 3506 quomodo
593 3443 616 3490 A
