2682 3956
241 140 307 206 354
609 139 836 206 QUINTILIANI

554 300 892 367 DECLAMATIO.

309 424 599 511 Circumscriptum
637 448 706 490 esse
744 447 796 489 me
827 425 968 508 probare
1000 425 1090 510 prius
1124 428 1212 513 volo,

242 539 340 601 quam
373 516 414 581 ab
448 516 512 580 isto
545 514 834 597 circumscriptum.
879 517 995 597 pactus
1026 536 1112 580 sum:
1144 515 1211 582 hoc
1329 585 1330 590 γ

241 609 372 689 pactum
399 626 466 669 non
490 607 649 685 servatur,
671 624 730 667 nec
753 605 864 686 potest
885 603 1003 685 repeti3
1036 605 1210 687 pecuniam

206 693 372 778 cinpendi
403 694 462 758 sub
490 695 601 776 pact03
632 713 737 775 neque
764 692 935 775 pecuniam
962 695 1108 774 repetere
1135 714 1211 775 pos·

243 803 315 848 sum
342 803 446 866 neque
469 781 515 866 id,
542 785 676 864 propter
700 780 786 864 qnod
808 779 951 864 inpendi,
973 779 1091 864 habeo;
1117 783 1209 846 navi-

243 872 328 956 gavi,
358 869 505 934 laboravi
538 867 600 952 (sic
627 868 758 932 interim
782 865 929 954 loquor),
959 869 1111 952 quoniam
1135 891 1210 953 pro-

242 958 433 1024 mittebatur
452 957 589 1040 aliquid:
613 957 675 1022 hoc
694 957 779 1042 quod
798 958 997 1039 promissum
1016 961 1095 1042 erat,
1114 980 1209 1041 prae·

243 1048 322 1112 stari
344 1067 411 1111 non
432 1049 556 1130 potest:
580 1045 836 1130 circumscriptio
860 1049 918 1110 est.

189 1151 223 1199 ro
309 1133 475 1199 Hactenus
495 1155 592 1199 cansa
606 1133 817 1199 fundamenta
835 1135 1019 1217 cepi[sse]t:
1038 1136 1213 1219 sequentia

244 1224 304 1288 illa
327 1227 414 1309 sunt,
436 1226 474 1288 ut
495 1224 631 1306 probem
655 1244 706 1287 me
730 1225 762 1287 et
787 1222 908 1288 abhoc
928 1222 1210 1306 circumscriptum

243 1333 314 1377 esse
334 1316 367 1376 et
385 1313 611 1398 indignissime
627 1311 917 1396 circumscriptum.
936 1311 1212 1397 animadvertitis,

242 1401 378 1486 iudices,
414 1401 565 1466 fiduciam
603 1399 910 1483 circumscriptoris:
947 1399 1053 1483 „alius
1090 1400 1211 1486 rapuit,

243 1489 309 1554 alia
333 1489 486 1574 optavit.“
522 1489 594 1554 ideo
619 1488 875 1571 circumscriptio
900 1493 957 1552 est.
993 1491 1209 1573 nequeenim

190 1593 223 1642 15
242 1600 396 1663 umquam
426 1578 605 1644 decurritur
633 1579 673 1642 ad
700 1578 784 1642 hanc
807 1578 928 1662 legem,
958 1576 1023 1641 nisi
1047 1599 1119 1642 cum
1142 1599 1210 1642 rec·

244 1672 313 1731 tum
342 1667 393 1730 ius
420 1666 567 1750 nequitia
595 1667 761 1731 exclusum
789 1668 848 1730 est.
894 1667 922 1730 si
949 1686 1014 1730 non
1043 1666 1127 1731 alius
1157 1688 1210 1730 ra-

243 1755 383 1842 puisset,
416 1776 454 1819 ex
482 1758 579 1838 pacto
598 1754 882 1839 reprehenderem.
934 1754 990 1818 sed
1017 1754 1101 1819 nihil
1128 1755 1210 1820 haec

244 1843 411 1908 cavillatio
442 1843 589 1929 proderit
620 1845 696 1928 tibi,
728 1865 792 1928 qua
829 1842 951 1907 crimen
987 1842 1020 1907 in
1053 1863 1209 1928 generum

245 1935 279 1996 et
301 1932 336 1995 in
359 1932 463 1996 filiam
486 1932 653 1998 transfers.
685 1953 762 1996 nam
782 1930 810 1995 si
829 1932 1018 2014 apparuerit
1038 1931 1210 2014 iudicibus,

190 2035 226 2084 1ο
246 2020 356 2084 omnia
379 2024 412 2085 te
436 2021 565 2087 volente
588 2021 675 2085 facta
698 2040 781 2102 esse,
810 2019 865 2102 qui
888 2020 1079 2103 promisisti:
1107 2021 1209 2084 mani·

244 2108 366 2176 festum
390 2110 460 2193 erit,
483 2133 503 2175 a
525 2112 559 2175 te
578 2131 648 2175 esse
670 2108 948 2191 circumscriptum
967 2131 1049 2193 eum,
1073 2108 1128 2192 qui
1145 2109 1209 2173 tibi

244 2198 389 2264 credidit.

309 2286 415 2371 Igitur
443 2286 484 2351 ab
512 2286 607 2351 initio
635 2285 878 2369 propensiorem
911 2290 944 2350 te
971 2286 1072 2350 fuisse
1105 2285 1208 2368 diviti,

245 2396 312 2440 non
345 2375 582 2458 suspicionibus
615 2373 731 2458 probo,
767 2395 835 2439 non
869 2396 916 2458 eo,
947 2374 1031 2459 quod
1055 2373 1209 2438 credibile

187 2477 222 2526 25
241 2467 301 2528 est.
342 2466 438 2546 capta
471 2462 539 2526 lilia
570 2465 642 2544 tna,
670 2485 767 2547 quam
796 2461 937 2546 posuisti
965 2460 1208 2526 condicionem?

241 2553 309 2616 eius
332 2551 485 2632 futuram,
509 2550 564 2634 qui
586 2551 778 2616 redemisset
803 2573 858 2613 -ε
884 2549 917 2613 id
940 2549 1069 2633 elegisti
1093 2546 1206 2613 discri-

240 2661 315 2704 men
337 2639 423 2704 inter
442 2638 522 2703 duos
540 2640 706 2722 petitores,
730 2639 814 2723 quod
832 2637 1095 2724 facilius.posset
1113 2658 1209 2719 prae·

241 2731 328 2791 stare
351 2726 449 2792 dives.
495 2726 646 2811 deceptus
677 2749 711 2791 es
735 2727 768 2789 in
792 2725 867 2790 boc:
896 2745 956 2810 ego
980 2724 1115 2810 redemi,
1144 2746 1206 2811 ego

240 2813 362 2878 reduxi.
409 2814 479 2891 Quo
508 2816 571 2880 alio
600 2815 696 2880 modo
727 2813 854 2877 efficere
877 2812 1028 2899 potuisti,
1060 2835 1101 2878 ne
1125 2813 1207 2878 mihi

188 2916 222 2968 ³0
242 2903 389 2988 nuberet,
411 2903 475 2967 nisi
498 2903 581 2968 hoc?
616 2902 687 2966 dico
711 2921 790 2985 ergo
813 2905 872 2965 tua
895 2902 1060 2967 voluntate
1083 2902 1206 2976 factum

321 3066 337 3114 3
357 3058 545 3127 conscriptum
564 3058 608 3126 Bll
628 3063 661 3112 10
681 3057 873 3128 coepisset
890 3064 914 3112 A
927 3062 937 3129 l
951 3060 1090 3128 coepisset
1107 3063 1142 3126 A,
1162 3075 1207 3114 ce·

244 3131 336 3200 pisset
353 3135 387 3199 B,
407 3146 476 3185 corr.
494 3130 552 3184 Aer
570 3130 580 3200 ll
601 3135 634 3183 13
653 3128 756 3184 fiducia
773 3133 794 3182 B
812 3130 822 3200 l
842 3135 874 3184 15
893 3131 1045 3186 recurritur
1062 3132 1106 3200 ΒΙΙ
1125 3136 1157 3185 17
1177 3132 1207 3186 te

242 3203 447 3270 prehenderam
466 3199 510 3255 Ro
533 3201 542 3270 ll
566 3205 599 3254 18
619 3200 769 3256 cavellatio
787 3205 811 3253 A
834 3203 843 3270 ΙΙ
866 3208 900 3256 20
919 3201 968 3269 qui
986 3202 1039 3256 tibi
1057 3218 1145 3270 prom.
1164 3201 1208 3272 Pl!

244 3278 278 3324 24
298 3273 403 3326 credile
421 3276 445 3324 A
466 3273 477 3341 l
500 3278 534 3327 16
552 3271 712 3328 redimisset
729 3276 753 3324 A
775 3273 785 3341 ΙΙ
807 3271 891 3341 egisti
909 3276 930 3324 B
953 3273 962 3340 ΙΙ
985 3277 1018 3327 28
1038 3272 1068 3324 in
1087 3272 1152 3342 hoc]
1173 3288 1207 3326 ac

242 3343 406 3410 9528-29
426 3357 493 3412 ergo
512 3342 619 3398 redemi
637 3360 690 3412 ego
709 3361 730 3397 r.
749 3346 854 3394 AB-l’
867 3343 876 3410 ll
896 3349 929 3396 29
949 3343 1024 3411 quod
1042 3347 1073 3408 A,
1093 3343 1143 3411 qai
1161 3345 1182 3394 B
1198 3342 1208 3414 Η

239 3417 321 3481 3019.
341 3412 446 3466 factum
467 3416 588 3468 estesse
607 3418 627 3465 1’
