2640 3968
504 165 720 223 PRAEFATIO.
1055 169 1093 225 lx

126 319 177 378 vel
196 316 421 394 argumentatio
441 316 593 376 subtiliter
613 316 702 377 dueta
715 317 765 378 rel
779 315 875 379 finitio
891 317 1095 394 significanter

127 415 295 476 constituta
317 413 506 491 designetur,
535 414 855 490 comprehendentibus
882 415 1016 476 breviter
1044 437 1092 478 ar·

127 515 309 590 gementum
330 510 376 570 rei
397 510 448 572 rel
470 512 609 588 apposita
630 513 721 572 notae
743 532 830 588 voce,
854 514 905 575 vel
929 528 976 592 Ν,
1006 525 1028 596 q
1056 514 1092 573 li·

128 613 264 671 terarum
288 609 468 685 compendiis
492 610 578 686 quasi
601 609 696 687 digito
720 629 786 670 eam
805 610 1094 690 demonstrantibus3

129 709 246 768 alterae
273 707 359 783 illae,
392 725 469 784 quae
497 707 637 766 videnlur
663 725 682 766 a
709 710 906 784 grammatico
934 709 1094 786 profectae,

7 864 15 891 ἢ
128 807 274 882 repetunt
299 804 467 882 singulares
491 804 607 880 aliquas
635 824 735 881 voces,
752 807 909 883 scriptura
933 807 981 867 vel
1004 807 1094 867 decli-

128 903 254 964 natione
281 903 330 964 vel
358 901 573 979 significatione
600 902 811 964 memorabiles
834 896 951 986 (plenas
975 905 1093 982 partim,

129 1001 245 1078 partim
262 1001 372 1062 omisso
391 1000 424 1059 in
442 1018 500 1076 quo
519 999 595 1058 nihil
613 1001 759 1061 momenti
777 1004 824 1062 est
838 997 948 1084 exitu);
968 1003 1094 1080 denique

130 1099 169 1162 ad
198 1098 426 1174 dispositionem
453 1095 607 1173 pertinent
632 1097 699 1157 illa:
730 1100 879 1177 narratio,
906 1102 1095 1178 argumenta,

131 1195 252 1255 similis.

201 1292 282 1364 Quas
305 1297 393 1353 notos
418 1311 519 1354 omnes
542 1291 642 1370 recepi
659 1292 692 1352 in
711 1297 890 1370 apparatum
909 1295 1045 1356 criticum
1065 1297 1096 1355 et

131 1392 263 1451 diductis
287 1391 384 1451 literis
408 1390 540 1451 distinxi.

199 1486 322 1548 Contuli
336 1487 447 1547 librum
461 1505 538 1548 euno
555 1487 650 1564 1880,
664 1507 766 1548 mense
780 1491 953 1567 septembri.
987 1467 1096 1550 Postea

132 1605 199 1646 cum
229 1586 389 1646 adamanti
415 1585 490 1644 mihi
517 1583 678 1646 editionem
707 1587 855 1648 nonnulla
882 1607 989 1664 parum
1014 1592 1097 1648 certa

133 1687 236 1745 essent
265 1685 344 1758 visa,
377 1683 414 1743 de
442 1684 484 1744 eis
513 1683 585 1744 locis
614 1683 737 1745 edoctus
765 1705 820 1762 per
850 1685 954 1746 literas
984 1705 1050 1747 sum
1078 1705 1096 1745 a

131 1782 199 1844 viro
218 1780 391 1842 deotissime
415 1782 446 1841 et
468 1781 683 1842 humanissimo
702 1782 738 1842 A.
758 1782 902 1858 Bonneto,
926 1783 1096 1859 professore

131 1879 407 1955 Montspeseulano.

202 1977 228 2037 B
250 2001 291 2026 ιε
311 1977 552 2056 Monacensis,
571 1977 650 2040 Meo.
670 1978 723 2039 let.
742 1978 1018 2053 acarnanum,
1037 1978 1097 2038 ior-

133 2093 202 2136 mes
222 2074 396 2151 quadratae,
414 2092 492 2134 anno
509 2075 595 2135 1494
615 2076 665 2136 vel
679 2075 768 2151 paulo
784 2079 862 2152 ante,
881 2079 915 2136 ut
930 2067 1097 2157 adesum),

133 2173 263 2249 scriptus
281 2189 374 2232 manu
392 2171 525 2248 eleganti
544 2189 579 2232 se
598 2171 731 2232 dilucida
754 2176 785 2233 et
808 2173 919 2249 optime
942 2191 1097 2233 conserua·

132 2275 192 2332 tus.
239 2270 349 2346 Incipit
379 2269 479 2329 media
509 2269 628 2328 demum
660 2271 692 2330 iu
722 2270 795 2330 decl.
825 2271 887 2330 252
919 2270 967 2330 his
997 2269 1098 2332 verbis

132 2367 348 2445 „excutiamus
372 2364 530 2426 submisis‘
555 2359 761 2448 (p.32‚17);
786 2387 947 2442 summam,
973 2385 1097 2444 prorsus

135 2468 171 2524 ut
197 2465 240 2540 A,
272 2463 366 2523 babet
392 2463 641 2524 declamationem
671 2467 749 2542 388,
782 2465 866 2526 cuiue
894 2467 964 2543 post
991 2465 1099 2524 ultima

132 2564 228 2624 verba
249 2561 395 2639 leguntur
418 2559 472 2620 ille
496 2553 639 2640 (101147
660 2558 756 2643 recto)
785 2563 955 2640 „Incipiunt
978 2579 1014 2622 ex
1033 2559 1098 2620 (ial-

131 2659 243 2738 purnio
266 2659 356 2719 dacco
381 2661 527 2736 excerpts.
561 2659 714 2736 Excerpte
733 2658 844 2718 Decem
862 2658 1028 2718 Rhetorum
1045 2658 1100 2716 mi·

132 2775 250 2818 norum.
297 2755 380 2815 Uxor
411 2753 628 2832 tyrannicida“.
675 2757 716 2816 Et
748 2758 917 2834 sequuntur
949 2755 1098 2832 continuo,

134 2854 247 2917 omisso
271 2853 392 2932 Seneca,
415 2851 572 2929 Calpurnii
596 2853 828 2916 declamationes
852 2855 1016 2930 excerptae,
1040 2872 1100 2912 non

133 2955 207 3013 illae
230 2953 319 3012 modo
342 2952 465 3030 priores,
490 2967 566 3028 quae
589 2952 621 3010 in
644 2952 721 3013 libro
740 2952 769 3010 A
789 2953 901 3028 insunt,
926 2950 978 3011 sed
997 2967 1099 3010 omnes

134 3054 187 3114 51.
216 3049 252 3110 In
275 3050 333 3110 fine
358 3048 538 3126 subscriptio
562 3040 627 3128 (fol.
654 3051 716 3108 160
739 3049 865 3110 cerain
888 3042 1000 3127 medio)
1021 3047 1098 3128 „nx-

134 3149 241 3228 plicite
265 3167 301 3208 ex
324 3147 489 3224 Calpurnio
512 3147 619 3208 Flacco
643 3142 808 3224 excerpts“.

204 3245 303 3307 Notae
321 3245 353 3305 in
372 3246 472 3306 codiee
490 3262 551 3305 nou
570 3247 640 3304 suut
658 3243 716 3304 uisi
737 3261 795 3302 una
815 3245 856 3324 tp.
877 3243 950 3317 303,
969 3236 1101 3324 18.19)‚

133 3387 169 3395 ...-
177 3385 350 3393 ——n——a-

210 3448 469 3521 ἾώμΠἪ
