2692 3960
361 134 678 192 DECLAMATIONES.
697 135 901 194 CCCXXXVII.
1044 137 1111 203 329

150 299 284 364 adicere.
323 297 453 363 domum
476 298 660 381 perdidisti:
685 299 795 383 gravis
818 297 937 363 iniuria
959 299 1111 365 fortunae

147 410 267 453 novam
288 385 446 452 habitare.
489 387 544 452 sed
568 409 702 454 uxorem
724 387 907 471 perdidisti:
930 410 971 453 ne
994 388 1029 454 in
1049 388 1110 452 hac

148 477 277 560 quidem
305 475 369 539 tibi
397 474 537 540 multum
560 476 712 541 desiderii
735 479 794 541 est.
838 475 1000 560 quomodo
1024 476 1111 540 enim

147 586 220 648 vos,
243 563 373 647 divites,
396 563 543 648 recipitis
566 563 797 630 matrimonia?
831 564 998 648 recipitis?
1027 565 1109 629 aliae

124 675 205 717 ·vos
228 653 361 736 rapiunt
388 653 587 738 voluptates,
613 653 671 719 illa
693 653 886 737 ministeria,
914 653 965 717 illi
987 652 1145 717 imitatis

147 740 286 806 feminas
300 741 405 826 pueri:
424 740 499 806 inde
517 740 563 826 fit,
581 746 618 806 ut
636 764 678 807 ne
696 742 817 807 liberos
836 741 965 826 quidem
985 742 1111 806 ametis.

148 851 225 916 crgo
248 834 281 894 te
303 833 442 914 possunt
469 830 572 896 multa
599 830 739 914 hortari,
772 835 939 913 praeterea
971 831 1111 895 subeunt

148 919 278 984 solatia:
304 923 337 983 et
355 940 488 984 uxorem
509 917 571 984 tibi
589 919 734 984 invenire
753 919 848 984 facile
867 923 918 984 est
937 923 970 985 et
988 919 1109 984 liberos

147 1007 210 1072 tibi
233 1007 315 1074 alios
339 1006 473 1073 educare
496 1007 592 1072 facile
616 1010 680 1092 est3
705 1029 771 1073 non
794 1007 981 1093 relinquunt
1004 1005 1110 1073 dolori

147 1096 256 1162 locum
278 1099 330 1161 tot
348 1096 562 1161 circumfusae
585 1097 779 1181 voluptates.
802 1095 875 1182 Ego
899 1096 1108 1162 haecomnia
1130 1109 1164 1158 10

147 1207 262 1269 passus
295 1207 367 1251 sum
399 1206 531 1268 pauper.
582 1185 609 1249 si
642 1185 795 1270 dicerem,
827 1207 951 1271 pauper
977 1185 1109 1250 domum
1165 1245 1168 1251 .

146 1272 286 1357 perdidi:
318 1277 432 1339 exutus
463 1278 576 1338 tamen
604 1275 693 1339 omni
721 1295 819 1339 censu
846 1275 981 1340 viderer.
1032 1295 1110 1357 quo-

147 1361 244 1428 modo
268 1363 355 1428 enim
373 1362 433 1427 illa
451 1362 537 1446 apud
556 1383 607 1426 me
626 1361 849 1428 remanserat?
879 1362 955 1447 quia
971 1365 1109 1447 paterna

147 1454 226 1516 erat.
271 1473 395 1536 pauper
422 1451 541 1516 liberos
570 1450 709 1534 perdidi,
736 1472 860 1535 pauper
881 1471 1015 1516 uxorem
1039 1471 1108 1533 per·

147 1538 227 1603 didi:
252 1541 340 1606 solus
364 1541 496 1605 relictus
520 1561 604 1622 snm,
628 1540 717 1605 solus
740 1539 916 1604 destitutus
936 1561 1015 1604 sum.
1030 1557 1033 1563 ·
1051 1538 1109 1602 ini·
1130 1551 1161 1599 15

147 1627 267 1693 micum
286 1629 419 1694 divitem
437 1629 552 1694 habeo.
584 1629 689 1694 adhuc
708 1627 782 1694 odia
799 1628 867 1710 illa,
889 1649 973 1712 quae
993 1631 1108 1694 contra

146 1738 198 1781 me
221 1716 338 1782 cotidie
362 1717 458 1802 acuit,
481 1716 599 1783 fortius
622 1716 823 1783 sustinebam
845 1739 902 1801 spe
921 1716 1107 1782 liberorum.

147 1805 212 1870 iam
246 1805 326 1870 mihi
357 1805 490 1872 iuvenes
523 1808 628 1890 erant,
666 1807 733 1871 iam
764 1810 892 1889 patrem
924 1805 1107 1871 tuebantur.

146 1894 275 1960 etiamsi
305 1894 433 1980 quando
461 1917 513 1960 me
540 1895 716 1962 aemulatio
743 1898 857 1960 nostra
879 1895 915 1960 in
936 1894 1008 1960 foro
1032 1893 1106 1958 fati-

147 1988 293 2070 gaverat,
326 1988 410 2067 erat,
442 2007 524 2070 quae
553 1985 728 2069 exciperet,
759 1984 884 2049 coniux.
930 1984 958 2048 si
985 1983 1022 2048 in
1042 1981 1162 2048 hocas

147 2073 339 2138 consisteret
361 2073 506 2156 totalis,
530 2095 572 2137 an
594 2073 675 2138 mihi
694 2094 793 2159 grave
812 2076 898 2138 esset
914 2073 1032 2155 rivere,
1055 2072 1108 2138 vel

145 2183 210 2224 uno
240 2165 431 2246 argumento
459 2161 598 2244 probare
625 2166 773 2246 poteram
797 2185 854 2226 -ε
884 2161 1034 2225 inimicus
1057 2181 1109 2224 me

146 2247 218 2311 vult
245 2249 366 2312 vivere:
394 2247 478 2313 hanc
505 2270 604 2313 unam
633 2249 736 2314 adhuc
764 2250 906 2314 destinat
934 2249 1017 2315 odiis
1042 2247 1108 2314 suis

146 2335 313 2400 ultionem.

214 2421 279 2490 Gur
306 2423 393 2489 enim
422 2424 525 2489 dicere
550 2424 669 2508 aliquid
693 2447 790 2490 ausus
814 2424 911 2490 sum?
948 2445 1005 2489 cur
1027 2424 1109 2489 mihi
1128 2437 1162 2486 25

147 2517 334 2598 suspectum
352 2513 424 2598 fuit,
448 2512 533 2597 quod
552 2512 724 2577 fortissimi
742 2513 862 2578 milites
881 2511 1109 2578 vincerentur?

148 2623 205 2666 cur
227 2601 416 2688 indignatus
442 2624 513 2667 sum
537 2623 648 2666 eorum
669 2603 720 2667 bis
739 2605 832 2686 terge
852 2623 955 2685 caesa,
979 2600 1034 2684 qui
1053 2621 1110 2684 po-

145 2693 256 2755 terant
285 2691 385 2757 etiam
412 2691 464 2756 bis
497 2691 576 2756 victi
605 2695 725 2762 tamen,
746 2688 899 2756 vincere?
943 2689 1110 2774 intellego,

147 2780 267 2844 aversis
291 2780 424 2845 auribus
448 2781 551 2864 accipi
573 2780 658 2846 hanc
679 2783 807 2864 partem
831 2779 997 2846 orationis.
1032 2778 1109 2843 vicit

3 2839 4 2866 i
56 2925 62 2936 .
147 2868 233 2932 enim
257 2873 290 2933 et
312 2868 394 2934 bene
418 2869 516 2933 etiam
540 2869 675 2934 meritus
699 2869 737 2934 de
760 2867 940 2954 republica
962 2867 1165 2933 hebetante

149 2961 182 3021 et
203 2955 266 3021 hcc
289 2956 374 3021 inter
397 2978 511 3022 causas
534 2957 650 3023 mortis
674 2963 732 3023 est.

216 3137 234 3186 4
252 3148 302 3187 vor
321 3147 371 3186 om.
383 3136 404 3183 B
418 3131 427 3199 ΙΙ
441 3129 537 3185 divitis
547 3133 597 3184 AB
612 3132 621 3200 ΙΙ
636 3130 760 3200 recipitis
778 3134 809 3192 A.
828 3129 969 3199 recipiunt
986 3133 1016 3196 B,
1030 3127 1111 3195 *fort

145 3202 383 3274 accludradcmtts
396 3201 560 3258 reduceres
574 3204 583 3272 {t
599 3209 630 3256 11
641 3219 703 3256 scm
714 3205 791 3256 om]
805 3202 814 3270 ΙΙ
831 3207 862 3256 13
872 3199 947 3269 apud
955 3215 1073 3282 remane.
1081 3203 1111 3265 B,

148 3274 223 3342 apud
241 3277 273 3356 te
288 3279 416 3356 mana}
429 3275 439 3343 ΙΙ
455 3278 487 3327 18
506 3276 587 3342 pater
604 3278 653 3340 Aa,
672 3273 769 3355 patero
788 3276 828 3325 Ab
842 3273 851 3340 t
866 3276 899 3352 30
918 3286 1039 3326 comnux
1056 3271 1111 3352 Atlt

148 3348 190 3468 apt
202 3343 417 3487 dAethr'pgpopus
435 3347 479 3415 ΒΙΙ
498 3349 532 3399 27
544 3360 649 3467 Aeorum
666 3343 711 3399 bre
729 3359 825 3398 eorum
845 3343 888 3397 brs
907 3346 948 3394 Aa
961 3342 970 3411 n
984 3347 1018 3396 29
1037 3356 1111 3396 accr-

145 3431 176 3484 pr
350 3445 355 3456 ·
390 3433 422 3470 ere
439 3433 525 3487 morp.
