2670 3962
377 129 694 188 nnctuuurronus.
728 129 882 190 CCCXVII.
1015 219 1027 244 ι
1053 131 1117 202 247

143 298 296 364 vooatum
327 313 415 378 eum,
444 293 500 377 qui
522 293 670 378 proximo
694 294 818 378 proelio
843 295 1032 362 debilitatus
1058 296 1115 382 sit,

141 385 305 470 fingamus
326 403 396 448 esse
415 386 636 467 provocatum,
655 404 753 467 quem
771 383 950 468 imperator
966 385 1001 449 iu
1016 385 1115 454 aliam

143 477 272 558 partem
297 470 511 555 expeditionis
539 472 587 538 ire
610 471 757 537 iusserit:
786 471 934 556 profecto
960 472 1113 540 adversus

141 562 308 628 neminem
331 560 449 625 horum
473 560 558 626 aetio
583 581 623 624 ex
644 561 707 626 hae
730 560 804 646 lege
829 560 969 628 dabitur.

212 650 314 734 Atqui
336 649 418 714 mihi
441 649 522 714 satis
545 652 596 715 est
624 649 759 734 efficere,
781 653 819 716 ut
847 650 944 716 alioui
962 671 1030 714 non
1057 667 1151 735 pue

144 759 247 826 gnare
270 738 374 803 lioeat.
421 759 499 803 nam
528 739 556 803 si
586 737 646 804 ulli
668 742 777 822 potest
804 738 875 804 dari
902 739 982 805 haee
1010 740 1115 825 venia,

146 850 215 896 non
243 826 458 911 dubitabitur,
486 828 566 912 quin
592 828 680 910 patri
703 827 806 892 detur.
852 825 914 893 Sed
938 831 1115 912 antequam

145 920 297 983 naturam
321 914 468 1000 defendo,
491 915 699 1000 imperatoris
718 915 794 983 volo
813 916 987 982 defendere
1007 917 1113 1004 digni-

141 1010 257 1072 tatem.
300 1005 460 1070 contendo
484 1003 567 1070 hano
589 1005 697 1089 legem
721 1005 762 1070 ad
786 1005 906 1071 milites
929 1006 1113 1090 pertinere:

144 1095 288 1178 primum
311 1093 397 1176 quod
420 1094 506 1160 inter
529 1093 590 1160 hos
614 1093 679 1158 fere
703 1095 893 1179 provocatio
918 1095 969 1176 sit,
993 1095 1166 1162 deinde10

145 1183 300 1268 quoniam
326 1181 436 1268 legum
462 1183 550 1247 lator
578 1204 755 1267 numquam
783 1183 930 1267 profecto
956 1187 1025 1248 tam
1051 1184 1112 1249 ini·

140 1293 224 1356 quus
256 1271 333 1354 fuit,
364 1274 401 1336 ut
431 1271 607 1354 periclitari
637 1293 676 1336 ex
709 1275 826 1336 eventu
854 1292 983 1356 pugnae
1016 1273 1112 1338 unius

124 1361 311 1440 ,eivitatem
333 1359 601 1444 summe<mque>
625 1359 673 1425 rei
695 1359 845 1445 publicae
865 1361 973 1426 vellet.
1009 1361 1114 1446 finga-

145 1448 327 1516 musenim
351 1449 392 1514 ab
417 1448 527 1532 aliquo
552 1448 668 1514 ultimo
694 1448 836 1513 militum
858 1449 1035 1533 provocari
1051 1449 1112 1532 ¹du-

144 1560 229 1605 oem:
252 1537 339 1604 idem
362 1536 545 1621 discrimen,
571 1537 657 1603 idem
678 1537 869 1623 perieulum,
892 1559 952 1622 par
976 1542 1111 1604 eventus
1137 1555 1169 1606 15

143 1631 205 1692 est.
232 1627 335 1710 adine,
363 1627 449 1711 quod
471 1627 557 1693 inter
578 1627 768 1711 praecipuas
798 1626 935 1692 virtutes
967 1631 1018 1693 est
1054 1627 1113 1692 im·

144 1717 306 1800 perstetis
339 1737 413 1786 nou,
439 1735 585 1801 pugnare
618 1715 802 1800 aliquando.
856 1715 901 1782 sio
932 1715 1116 1782 extrahitur

144 1805 262 1889 hostis3
295 1805 342 1870 sio
363 1804 504 1889 impetus
528 1805 655 1870 subitos
679 1804 783 1889 portis
809 1803 964 1870 adversae
988 1803 1115 1889 frangit

145 1915 249 1978 mora3
282 1894 329 1960 sio
361 1893 556 1960 interclusos
584 1893 819 1961 commeatibus
849 1893 884 1960 in
914 1892 1114 1959 deditionem

144 1984 255 2048 venire
286 1983 372 2048 fame
401 1984 555 2068 cogimus.
601 1982 711 2067 itaque
738 1982 869 2049 heroule
896 1982 1037 2048 militem
1070 1983 1114 2048 le·
1134 2001 1168 2054 20

144 2071 250 2156 gimus
282 2071 468 2155 robustum,
505 2071 643 2156 legimus
677 2072 840 2138 iuvenem:
879 2071 1114 2156 imperatorem

142 2159 281 2228 facimus
306 2181 424 2224 senem.
459 2160 494 2224 in
516 2159 582 2225 iliis
603 2160 698 2225 enim
722 2161 771 2225 vis
800 2181 974 2245 corporum
994 2165 1027 2224 et
1045 2183 1114 2226 ma-

143 2269 207 2312 nus
232 2247 302 2312 sola
317 2250 498 2331 ,speetatun
520 2247 557 2312 iu
578 2248 630 2313 his
655 2248 826 2314 eonsilium
850 2252 883 2314 et
904 2248 1004 2314 ratio:
1029 2270 1114 2332 quae

144 2337 233 2403 bona
259 2334 460 2420 procedentis
489 2337 607 2402 aetatis
630 2337 797 2402 inlocum
819 2337 939 2402 virium
962 2337 1113 2403 subeunt.

144 2425 253 2509 ipsum
276 2426 445 2508 praeterea
466 2445 585 2489 nomen
603 2424 810 2508 imperatoris
833 2426 913 2490 satis
938 2425 1114 2510 signifieat,
1136 2443 1171 2496 25

144 2535 211 2579 non
235 2512 324 2598 exigi
346 2533 478 2578 manum
501 2512 614 2597 ipsius.
659 2514 819 2596 imperare
848 2513 935 2578 enim
958 2513 1055 2579 debet
1082 2519 1116 2579 et

145 2602 340 2686 praecipere.
386 2602 420 2666 in
443 2623 611 2685 summam,
635 2601 676 2666 ab
700 2623 748 2684 eo,
772 2602 829 2685 qui
852 2606 1050 2686 provocatus
1072 2603 1114 2667 eb

144 2691 238 2756 hoste
274 2711 343 2756 non
373 2691 583 2777 pugnaverit,
621 2689 817 2775 supplicium
851 2690 974 2775 optime
1009 2690 1115 2776 exigit

145 2780 331 2863 imperator.
377 2799 455 2864 ergo
484 2780 512 2845 si
539 2779 601 2846 hoo
629 2779 735 2846 solum
763 2778 850 2864 apud
873 2801 932 2845 vos
958 2779 1114 2846 dicerem:

145 2888 210 2932 uon
236 2868 396 2954 pugnavit
423 2869 502 2953 dux,
529 2890 596 2936 non
618 2869 777 2954 pugnavit
801 2889 913 2953 senex,
940 2889 1007 2933 non
1035 2869 1113 2934 feeit
1138 2885 1172 2936 eo

217 3138 233 3186 6
253 3131 314 3186 dari
332 3111 421 3200 potii
435 3133 445 3200 ΙΙ
459 3135 571 3192 11-12
591 3129 722 3185 iuimicus
741 3135 799 3198 An,
819 3146 888 3186 oorr.
911 3129 976 3200 Gru
991 3135 1024 3184 12
1044 3131 1119 3200 peri·

144 3203 244 3258 elitare
262 3207 283 3254 B
302 3204 311 3272 ΙΙ
334 3218 368 3256 ex
391 3217 442 3258 om.
461 3207 481 3254 1’
498 3204 508 3272 ΙΙ
531 3208 564 3255 13
589 3199 825 3274 summe<mque>
843 3201 902 3254 Aer
921 3202 931 3270 ΙΙ
957 3207 989 3256 16
1016 3207 1047 3254 Ν
1076 3202 1119 3274 At!

146 3279 250 3330 16-17
268 3273 469 3342 imperatorem
486 3276 550 3340 AB,
569 3289 637 3329 corr.
658 3271 721 3340 Gru
737 3277 769 3326 19
790 3273 1004 3327 commeatus
1024 3273 1118 3343 Aput

144 3361 225 3400 senes
244 3346 290 3414 ΔΙΙ
304 3349 339 3398 24
357 3343 549 3413 praecedentis
569 3347 626 3410 An,
651 3359 721 3399 rorr.
740 3341 798 3397 Lat
810 3343 821 3412 ss
834 3347 868 3397 25
894 3355 925 3416 Ν
946 3343 1040 3412 11116
1059 3344 1117 3398 exi·

143 3431 211 3486 gere
229 3419 286 3484 AB,
305 3430 374 3470 corr.
394 3415 435 3472 or
448 3415 458 3483 ΙΙ
471 3414 625 3484 imperator
643 3414 718 3470 euim
736 3413 823 3470 debet
840 3431 881 3484 pr.
905 3420 926 3467 B
