2682 3956
257 147 323 213 340
622 145 855 212 QUINTILIANI

254 310 341 375 risse
359 311 534 374 contentus
553 329 635 392 sum,
658 307 890 392 aequissimum
907 306 1036 390 quidem
1055 329 1093 372 ac
1106 307 1220 374 iustis-

255 399 376 462 simum
393 419 472 480 esse,
490 400 528 462 ut
545 397 666 480 populo
686 395 779 460 detur
793 417 921 462 summa
933 417 1043 460 rernm
1056 399 1218 481 potestas:

255 486 427 552 consilium
453 490 564 552 temen
592 506 659 550 non
681 483 795 569 utique
816 483 916 550 turba
941 504 1047 568 neque
1073 485 1219 552 tumultu

255 596 359 659 neque
386 575 547 659 angustiis
575 595 701 656 eorum,
728 573 784 656 qui
811 572 1032 657 consulantur,
1059 582 1218 640 constare.

221 663 383 728 butinam
406 661 536 747 quidem
557 663 630 728 fieri
650 664 772 746 posset,
801 664 839 726 ut
862 683 901 726 ex
922 661 1075 728 universo
1097 663 1217 745 populo

223 811 230 821 .
255 751 377 818 reicere
398 773 436 816 ac
454 751 591 836 seligere
608 750 722 816 liceret
739 771 806 832 eos,
828 749 885 834 qui
902 771 1017 832 parum
1035 749 1219 835 prudentes,
1337 789 1338 816 3

254 862 372 923 parum
394 839 487 922 digni
510 839 652 903 consiliis
676 837 817 922 publicis
835 837 1030 904 riderentur.
1066 838 1123 902 sed
1140 860 1218 922 quc·

254 929 344 992 niam
365 927 454 993 istud
472 926 669 1010 deprehendi
686 926 751 990 nisi
769 925 999 1008 experimentis
1016 947 1084 990 non
1100 929 1218 1010 potest,
1337 987 1338 1016 ,

255 1015 295 1079 de
326 1015 378 1078 his
411 1015 539 1079 demum
566 1015 771 1098 rogationem
796 1013 881 1098 fero,
909 1015 964 1098 qui
987 1017 1112 1099 experti
1134 1018 1219 1080 sunt.

205 1117 238 1165 10
257 1103 346 1186 atqui
376 1102 405 1167 si
432 1102 494 1167 hoc
521 1102 607 1187 apud
634 1124 692 1167 vos
720 1124 787 1168 non
812 1103 896 1168 male
923 1103 1137 1168 constitutum
1160 1105 1220 1186 est,

256 1212 327 1256 esse
360 1191 501 1276 sliquos,
531 1191 588 1276 qui
618 1191 763 1256 consiliis
792 1191 933 1275 publicis
965 1191 1122 1256 interesse
1152 1211 1219 1256 non

256 1278 409 1345 debeant:
432 1280 499 1345 iam
521 1279 626 1344 multo
648 1279 779 1346 facilius
806 1301 845 1345 uc
861 1279 995 1363 pronius
1015 1280 1086 1362 erit,
1107 1283 1145 1343 ut
1162 1279 1218 1344 do·

256 1389 347 1433 ccam
373 1367 434 1434 hos
463 1389 546 1452 esse,
574 1368 643 1457 qui,
673 1368 803 1434 etiamsi
830 1369 928 1433 utiles
951 1368 1095 1434 consiliis
1117 1367 1220 1432 futuri

256 1461 378 1539 essent,
409 1457 535 1542 indigni
565 1462 678 1522 tamen
709 1459 845 1540 propter
881 1456 1017 1521 dedecus
1053 1455 1219 1539 proximae
1337 1499 1338 1522 1

204 1557 236 1607 15
255 1544 392 1610 militiae
414 1549 515 1613 erunt.

322 1631 371 1696 Ac
399 1632 482 1698 mihi
510 1634 544 1697 in
567 1632 648 1698 haec
671 1630 843 1697 dividenda
865 1631 993 1698 videtur
1014 1632 1099 1700 ratio
1121 1632 1218 1699 istius
1337 1649 1338 1662 ¹

256 1720 425 1806 orationis,
448 1724 485 1785 ut
506 1742 584 1807 pars
604 1721 644 1785 ad
662 1721 762 1803 ipsos,
784 1720 823 1784 de
842 1719 958 1804 quibus
977 1721 1102 1805 loquor,
1125 1741 1216 1804 spec-

256 1813 315 1893 tet,
337 1830 415 1892 pars
439 1809 481 1876 ad
503 1811 688 1874 universam
710 1830 779 1874 rem
801 1808 975 1892 publicam.

324 1896 490 1964 Adversus
514 1900 596 1964 istos
619 1895 682 1961 hoc
704 1895 825 1963 dixisse
848 1900 1017 1964 contentus
1041 1896 1219 1964 1111111111-

203 1998 238 2048 10
257 1984 325 2050 lum
358 1986 511 2052 adversus
537 1984 726 2068 Philippum
754 1985 953 2067 suscepimus
980 2007 1041 2068 pro
1067 1985 1219 2050 libertate

256 2073 360 2138 totius
383 2071 547 2158 Graeciae,
570 2095 630 2156 pro
654 2073 760 2138 salute
783 2075 954 2139 communi.
990 2095 1067 2140 nam
1090 2072 1220 2138 etiamsi

257 2161 292 2226 in
328 2163 514 2245 praesentia
550 2161 688 2226 amicam
721 2161 901 2245 civitatem,
937 2161 1107 2226 nobiscum
1139 2160 1221 2228 olim

257 2250 476 2333 coniunctam,
502 2249 588 2314 tueri
619 2249 822 2332 videbamur,
850 2255 983 2316 eventus
1005 2252 1116 2316 tamen
1138 2248 1219 2314 belli

258 2337 300 2402 ad
326 2359 439 2404 omnes
470 2337 668 2421 pertinebat:
699 2343 732 2404 et
757 2338 820 2404 hoc
847 2338 959 2422 nobis,
989 2335 1218 2420 Athenienses,

205 2428 351 2492 etvetus
376 2428 471 2509 atque
495 2448 515 2489 a
537 2425 715 2491 maioribus
733 2427 891 2494 traditum
909 2431 968 2509 est,
990 2447 1048 2508 pro
1067 2426 1220 2490 universa
1337 2449 1338 2482 1

258 2512 394 2578 Graecia
419 2515 515 2577 stare.
560 2513 607 2580 sic
630 2518 743 2580 contra
771 2514 887 2580 Persas
916 2513 1015 2578 semel
1038 2513 1221 2595 iterumque

257 2600 474 2685 pugnavimus
489 2623 526 2666 ac
544 2603 680 2688 privatis
698 2603 822 2668 viribus
840 2600 1041 2666 defendimus
1054 2599 1221 2680 publicam
1337 2627 1338 2636 ¹

258 2688 405 2754 salutem.
441 2689 507 2754 iam
530 2691 632 2776 igitur
655 2712 693 2754 ex
716 2691 777 2754 hoc
795 2691 932 2771 apparet
948 2685 1096 2770 profecto
1115 2687 1220 2772 vobis,

257 2796 433 2859 numquam
469 2779 591 2843 maiore
630 2777 751 2860 animo,
791 2797 969 2859 numquam
1005 2776 1219 2840 concitatiore
1337 2851 1338 2864 ,

205 2877 240 2925 30
259 2862 374 2946 spiritu
397 2864 498 2930 fuisse
520 2865 740 2948 pugnandum.
766 2884 833 2928 non
852 2865 938 2928 enim
956 2864 1050 2929 nobis
1070 2885 1143 2929 cum
1161 2861 1219 2929 ho·
1337 2909 1338 2954 ,

259 2951 372 3036 ste<e>
405 2951 543 3018 Graecia
574 2951 682 3036 aliquo
713 2973 767 3016 res
798 2955 885 3035 erat,
917 2952 989 3036 ubi,
1021 2973 1220 3038 quamquam
1337 2969 1338 2972 ’

329 3130 347 3182 4
365 3124 636 3196 11111111111316
655 3127 686 3182 ut
703 3125 727 3180 si
744 3126 839 3196 legere
858 3129 933 3198 319
957 3125 1106 3195 experti
1123 3126 1169 3193 ΔΙΙ
1186 3132 1219 3180 10

258 3196 316 3250 tels
334 3200 400 3263 AB,
419 3211 488 3250 corr.
510 3194 567 3251 Otr
587 3197 597 3266 1
621 3201 653 3252 12
672 3197 776 3252 multos
795 3201 845 3250 AB
868 3199 878 3268 ΙΙ
900 3204 933 3252 13
952 3198 985 3252 h⁰
1003 3201 1037 3263 B,
1055 3196 1110 3251 hoc
1127 3198 1221 3265 1’1114

259 3270 339 3321 erent
356 3267 471 3335 1111115
489 3266 616 3326 malitiae
633 3272 657 3320 Δ
673 3270 684 3338 ΙΙ
705 3274 738 3323 17
757 3285 821 3337 pars
840 3285 890 3324 om.
909 3269 999 3338 11119
1019 3266 1150 3324 adversos
1168 3271 1192 3319 Δ
1210 3267 1220 3338 tt

259 3340 293 3388 20
312 3336 415 3406 Phylip
436 3355 484 3391 um
501 3342 539 3390 Be
556 3339 565 3406 ss
586 3343 620 3392 26
639 3338 732 3407 gratie
750 3341 796 3408 1111
814 3344 847 3393 31
868 3339 966 3394 Grecis
984 3343 1015 3407 A,
1035 3336 1168 3396 Graeciae
1186 3341 1220 3407 Ι,

260 3419 328 3459 corr.
348 3353 552 3474 Aerialiquos
571 3407 712 3464 referees
