2670 3962
409 140 727 199 DECLAMATIONES.
748 141 875 201 COGXH.
1055 143 1122 210 225

155 304 280 370 servire
301 303 409 389 iussit,
432 305 532 370 donee
556 305 729 371 solverent.
760 326 840 370 uum
862 305 963 390 igitur
980 307 1122 392 exigitis,

155 397 193 459 ut
213 393 363 459 dieamus
387 392 497 479 ulique
519 415 579 478 pro
602 391 697 480 lege?
738 415 805 458 non
829 399 880 460 est
901 399 1033 461 nostrie
1056 417 1122 462 me-

155 481 354 566 diocritatis,
380 503 447 548 non
471 482 584 567 offleii,
608 504 647 548 ee
673 504 755 567 ques
783 483 1029 567 prudentissimi
1055 507 1122 550 me·

154 571 241 638 iores
265 572 494 637 constituerint
516 575 678 656 temptare
696 570 877 638 defendere,
898 575 1123 638 verumtamen

157 659 187 724 si
208 660 329 726 intueri
351 660 470 744 velitis,
493 661 571 746 quid
594 661 729 746 aequius
748 661 906 726 eonstitui
922 665 1042 746 potest,
1065 665 1157 728 eute

157 769 223 833 quo
245 749 311 815 elio
334 749 490 816 custodiri
513 750 713 833 patrimonia
735 754 854 834 vestre,
881 750 1031 818 fortunae
1054 772 1123 816 sus-

157 838 256 902 tineri
284 838 446 922 possunt?
484 861 527 903 un
554 860 631 904 vero
661 839 832 923 peeunium
865 840 982 925 aliquis
1013 860 1123 923 eeoep·

155 929 250 992 turus
278 948 337 1011 per
367 928 477 994 omnia
499 928 581 994 viiie
604 928 787 1012 exhauriet,
820 932 947 994 utnon
969 928 1125 1015 alligetur

157 1015 198 1080 ad
235 1015 380 1100 aliquem
421 1017 567 1082 solvendi
601 1017 852 1084 necessitatem?
900 1017 980 1083 duru
1016 1017 1125 1082 vinela

13 1149 23 1166 .
159 1104 257 1170 elieui
289 1104 454 1191 videntur,
492 1106 572 1172 dure
604 1106 751 1172 eondieio
784 1105 964 1172 servitutis:
1001 1105 1177 1189 reddet,1o

157 1192 245 1277 quod
277 1195 410 1279 aceepit.
455 1194 558 1277 isti[e]
589 1216 658 1260 non
689 1195 828 1280 servitus
858 1195 1038 1260 constitute
1065 1199 1125 1278 est,

159 1281 216 1348 sed
233 1281 322 1348 fflud
343 1282 432 1368 quod
452 1283 669 1350 iustissimum
688 1287 747 1365 est,
769 1283 949 1350 reddendae
967 1284 1124 1369 peeuniee

159 1390 268 1438 muru

553 1493 727 1592 ceum.

429 1618 588 1688 Heredes
612 1619 655 1686 de
678 1618 854 1703 deposito.
1145 1636 1178 1686 15

158 1740 300 1816 Quidem
329 1763 349 1807 s
375 1743 598 1809 commilitone
628 1744 772 1809 eiusdem
796 1743 919 1809 ordinis
942 1742 1126 1828 depositum

250 1831 394 1916 petebat.
417 1833 552 1916 negavit
570 1833 626 1898 ille
644 1853 679 1898 se
698 1833 869 1916 occepisse.
900 1853 973 1898 eum
991 1833 1126 1898 tessine

249 1922 336 1986 teste
351 1924 447 2005 esset,
466 1921 606 2006 <iudidio
625 1921 730 1987 vietus
748 1921 892 2007 petitor>
912 1921 1030 1988 occidit
1044 1942 1127 2004 eum,

250 2030 356 2162 {quar
379 2009 521 2164 peltteebet,
543 2015 577 2076 et
600 2032 643 2076 se.
661 2011 835 2164 ‘lptptitoris
858 2010 952 2076 heres
975 2011 1060 2095 petit
1084 2011 1125 2076 eb

277 2119 330 2162 ere
353 2119 414 2164 eu
462 2120 529 2164 nus
553 2121 670 2164 eomm1
724 2121 805 2164 oms.
1146 2115 1180 2164 eo

475 2255 815 2324 DECLAMATIO.

232 2377 267 2444 si
293 2381 430 2464 pecunie
458 2386 587 2446 tentum
614 2383 649 2446 in
672 2402 771 2447 euuse
793 2383 862 2448 litis
885 2385 982 2466 esset,
1015 2403 1128 2467 parem

161 2467 349 2535 videremur
379 2470 535 2557 litigandi
566 2470 687 2535 habere
720 2471 898 2537 rationem:
931 2491 1015 2536 nune
1046 2471 1129 2535 illud

163 2558 295 2644 quidem
323 2559 420 2625 nobis
445 2563 537 2625 extre
561 2557 708 2624 ordinem
732 2559 861 2643 accidit,
889 2558 975 2644 quod
997 2559 1129 2644 litigan-

163 2647 241 2712 dum
269 2651 320 2713 est
348 2648 447 2714 etiem
475 2651 609 2734 propter
635 2648 699 2714 hoe
721 2648 842 2733 ipsum,
873 2669 916 2713 ne
939 2648 1008 2712 sine
1032 2669 1130 2712 ceusu
1148 2663 1183 2713 25

162 2736 307 2820 perierit.
352 2737 531 2823 plurimum
555 2740 664 2804 eutem
686 2737 820 2822 fallitur,
847 2737 875 2802 si
899 2735 971 2824 quis
995 2735 1130 2802 eandem

164 2825 388 2891 eondieionem
415 2830 512 2912 putet
537 2825 634 2892 huius
664 2823 778 2892 iudicii
800 2848 838 2892 ue
860 2825 988 2913 prioris.
1034 2825 1131 2892 desiit

163 2912 206 2978 lis
240 2935 310 2980 esse
343 2915 412 2980 sine
444 2918 537 2982 teste.
595 2936 674 3002 ergo
708 2915 849 3001 (quod)
880 2915 932 2982 uli
962 2916 998 2981 io
1029 2915 1131 3002 priori

237 3075 254 3124 5
274 3073 340 3126 sunt
357 3071 417 3126 veri
435 3076 455 3124 B
474 3075 485 3155 {1
502 3077 572 3126 5-e
591 3074 657 3128 ente
675 3089 730 3142 quo
750 3081 770 3128 Ρ
787 3074 797 3142 fl
816 3079 832 3128 8
852 3071 1013 3128 exhauriret
1031 3076 1051 3124 B
1070 3074 1080 3154 ΙΙ
1099 3078 1130 3125 11

163 3141 213 3196 isti
228 3142 257 3213 e]
275 3141 321 3198 Ro
334 3143 344 3211 ΙΙ
357 3143 501 3200 servitutis
518 3147 559 3199 A·
572 3143 582 3213 i
596 3149 702 3199 12-13
724 3142 861 3214 pecuniae
884 3158 970 3200 oense
986 3140 1133 3216 (servire)

164 3211 210 3268 Ro
248 3217 282 3268 18
295 3211 421 3287 <iuditio
441 3213 532 3271 rietus
550 3213 805 3288 petitor)Boi128
823 3215 927 3272 hebere
946 3212 1080 3284 litigandi
1096 3214 1133 3286 Bi!

164 3300 201 3340 ne
224 3283 297 3340 illud
320 3290 387 3353 n,
415 3301 485 3342 eorr.
504 3286 576 3352 Arm
602 3303 676 3342 nune
699 3285 740 3341 ill.
760 3302 871 3355 quoque
888 3303 915 3340 n.
935 3301 959 3342 e.
979 3301 1003 3340 o.
1023 3286 1134 3342 aceedit
1219 3285 1224 3295 “

165 3354 210 3410 Bo
228 3371 279 3412 ree.
293 3355 336 3412 Gr
349 3358 358 3426 ΙΙ
372 3361 406 3412 25
420 3357 474 3414 hoe
488 3361 569 3414 om
583 3358 593 3428 {i
607 3363 641 3414 26
661 3358 768 3430 eumn]
784 3357 859 3414 enim
871 3356 927 3414 so
939 3358 949 3426 ΙΙ
963 3361 997 3414 28
1015 3355 1133 3429 (quod)

166 3425 314 3498 sorum
332 3427 495 3498 prierius,
514 3445 584 3486 eorr.
603 3429 647 3485 Bo

221 3525 361 3576 Quintiliani
375 3526 439 3580 desin
454 3527 489 3569 ed.
504 3528 587 3571 nitier.
938 3524 970 3573 15
