2640 3968
221 137 266 203 50
476 133 478 140 ’
588 133 819 201 QUINTILIANI

222 303 259 364 ut
284 299 509 366 testimonium
538 320 606 366 non
637 297 678 363 ad
710 298 882 365 arbitrium
910 302 1084 381 parentum
1112 299 1185 364 red-

222 388 306 471 dere,
320 388 473 469 †imm0†
487 387 629 470 suadere,
653 386 739 472 quod
754 386 881 453 animus
896 385 1075 452 dictaverit.
1098 387 1186 470 quod

222 477 251 542 ri
277 477 354 544 licet
381 476 553 562 aliquande
580 477 679 541 etiam
707 479 820 541 eontra
847 475 950 559 patris
980 475 1184 541 volontatem

186 587 288 720 tlte
308 563 979 738 tttlltttltttlttttrtt
993 567 1188 738 „ttrite

222 765 319 830 quam
342 744 378 808 in
400 741 609 807 matrimonio
632 745 691 806 est
728 744 761 806 et
782 741 845 806 hoe
864 739 1012 826 dicerem,
1034 741 1064 805 si
1084 763 1182 826 qnae-

221 835 348 898 reretur
369 831 432 898 hoe
454 830 587 913 indicio,
614 851 657 896 an
684 829 765 894 mihi
789 829 899 914 aliqua
921 829 1066 896 ducenda
1087 834 1184 896 esset.

222 940 282 1006 ego
309 920 445 1006 eligam,
471 939 544 984 eum
574 939 639 1002 qua
660 917 805 985 victurus
828 939 914 1005 snm3
945 934 1007 1004 ego
1030 919 1183 984 comitem

223 1009 383 1092 laborum,
411 1007 677 1091 sollicitudinum,
709 1028 860 1072 curarum
883 1007 954 1092 ipse
974 1007 1184 1092 perpendam.

171 1113 205 1162 10
224 1097 297 1182 quis
326 1098 412 1162 enim
440 1117 548 1162 amare
572 1097 677 1161 alieno
700 1096 809 1162 animo
832 1094 965 1179 potest?
996 1117 1082 1161 nunc
1104 1115 1184 1162 vero

221 1185 345 1252 firmius
367 1185 429 1250 hoc
452 1206 521 1250 esse
544 1188 640 1269 atque
662 1184 792 1250 facilius
811 1185 935 1270 coepit:
963 1205 1097 1249 uxorem
1115 1185 1183 1250 iarn

222 1273 297 1340 duxi
321 1272 402 1360 (non
424 1274 496 1338 dieo
515 1273 630 1360 quare)
648 1295 722 1339 meo
739 1272 892 1357 impulsu,
913 1285 986 1338 mea
1004 1273 1184 1340 voluntate.
1310 1259 1311 1322 l

221 1364 385 1447 eripuerat
416 1362 503 1427 enim
535 1367 569 1428 te
596 1361 678 1427 mihi
710 1361 842 1429 fortune
875 1361 1071 1446 dederatque
1099 1361 1183 1426 mihi

220 1451 312 1518 illem
334 1452 488 1518 miserem
510 1450 706 1516 libertatem.
748 1449 931 1534 Repudium
953 1450 1056 1536 igitur
1079 1450 1182 1536 impe·

169 1555 202 1606 15
220 1561 275 1606 ras
307 1544 341 1605 et
367 1539 537 1624 copulatos
565 1540 632 1605 iam
664 1539 719 1605 diu
749 1539 873 1605 diducis
896 1539 1031 1604 animos.
1077 1559 1183 1623 neque

221 1629 308 1693 enim
341 1627 404 1694 hoc
438 1631 475 1692 tu
509 1628 718 1712 spectaveris,
755 1626 840 1712 quod
871 1649 946 1693 cum
977 1647 1077 1692 uxore
1111 1647 1184 1694 mea

220 1737 287 1782 non
314 1716 369 1781 diu
395 1716 472 1782 rixi.
517 1716 587 1781 sine
619 1714 717 1782 dubio
746 1714 921 1781 secundum
948 1716 1081 1800 nuptias
1109 1739 1182 1802 pro·

220 1805 324 1871 fectus
348 1827 429 1888 sum,
452 1805 605 1870 continuo
624 1825 675 1868 me
699 1804 922 1889 peregrinatio
948 1806 1086 1889 excepit:
1118 1807 1181 1887 [et]

219 1893 272 1959 vel
295 1893 357 1958 hoe
379 1893 452 1977 ipsc
475 1893 618 1978 iniquius
637 1898 688 1958 est
705 1893 870 1979 repudiari
888 1912 971 1979 eam,
993 1913 1078 1980 quae
1096 1900 1183 1960 certe

167 1997 286 2048 eonon
309 1982 419 2065 potuit
441 1982 612 2048 offendere.

287 2067 527 2136 Descendsmus
561 2089 640 2135 sane
667 2069 708 2134 ad
735 2069 819 2136 hene
849 2089 978 2156 quoque
1006 2072 1183 2138 necessita-

220 2163 297 2244 tem,
320 2163 359 2224 ut
379 2160 563 2244 imperante
584 2161 678 2242 patre
701 2159 802 2224 etiam
824 2159 994 2245 repudium
1016 2159 1105 2226 filius
1127 2161 1181 2226 de·

221 2248 299 2314 beat
320 2248 405 2332 pati:
437 2247 515 2332 quid
539 2247 578 2312 de
601 2247 688 2331 ipse,
710 2268 809 2331 quam
831 2248 996 2332 repudiari
1018 2249 1081 2331 ris,
1105 2269 1184 2333 que·

219 2335 297 2402 rar?
335 2357 413 2402 sane
440 2340 534 2420 peter
561 2335 662 2400 fuerit
688 2336 853 2402 inimicus:
890 2358 947 2402 cur
974 2334 1056 2402 haec
1078 2358 1181 2403 nurus

167 2441 201 2490 re
221 2443 292 2491 esse
316 2425 457 2508 desinat,
485 2445 583 2509 quam
609 2424 693 2490 nihil
720 2445 872 2509 peccesne
894 2431 1083 2510 tuvquoque
1106 2445 1181 2491 corr·

217 2513 335 2599 fiteris,
367 2515 423 2599 qui
452 2513 612 2598 expellis?
657 2533 758 2599 neges
788 2513 937 2580 idoneam
965 2535 1038 2578 esse
1065 2515 1180 2579 metri·

217 2603 328 2668 monio
348 2622 421 2668 meo
434 2602 639 2686 locupletem.
663 2621 761 2686 quam
774 2623 897 2685 vereor,
910 2623 952 2667 ne
965 2603 1018 2667 eui
1031 2601 1183 2668 videatur

216 2695 311 2776 pater
339 2691 386 2757 sic
417 2691 567 2756 inimicus
596 2690 690 2756 diviti
717 2711 787 2756 esse
821 2691 974 2774 coepisse.
1027 2692 1181 2774 non<ne>

218 2780 304 2845 enim
331 2778 464 2844 fortuna
491 2779 525 2843 in
553 2777 743 2844 utramlibet
769 2783 898 2864 partem
925 2779 1081 2844 intuenda
1105 2780 1181 2846 est?

166 2883 201 2932 30
220 2889 263 2932 an
290 2887 367 2932 vero
396 2866 481 2951 apud
506 2887 557 2931 me
580 2871 697 2933 noceat
718 2868 860 2953 puellae,
891 2867 978 2952 quod
1000 2867 1090 2934 dives
1119 2875 1180 2954 est,

289 3064 303 3113 1
322 3058 380 3114 red.
399 3059 464 3114 ideo
484 3077 504 3114 s.
523 3065 556 3126 P3
574 3057 610 3126 cf.
630 3059 696 3115 decl.
714 3062 771 3116 378
789 3061 799 3128 l
818 3064 834 3114 6
852 3057 1106 3114 matrimonium
1124 3059 1179 3115 fn-

215 3129 286 3184 tnri
304 3129 421 3186 meriti
440 3146 572 3201 semper
590 3129 723 3186 iudicio
741 3129 1009 3200 permittendum
1033 3132 1080 3199 ΔΙΙ
1100 3135 1115 3186 7
1134 3131 1177 3184 iu-

217 3201 322 3256 dicium
344 3201 399 3258 heo
420 3200 491 3256 mihi
514 3207 549 3268 Δ,
576 3199 711 3256 iudicium
728 3217 740 3256 1
758 3216 790 3255 ec
808 3200 879 3256 mihi
896 3205 931 3266 B,
958 3217 1027 3258 corr.
1049 3201 1088 3256 Pi
1110 3203 1120 3269 Ι
1143 3207 1179 3256 1e

1304 2095 1310 2272 l

215 3289 289 3326 nunc
308 3270 383 3328 enim
400 3271 459 3328 Η
482 3274 492 3341 ΙΙ
515 3279 548 3327 11
568 3269 669 3340 cepi!
692 3273 702 3340 Ι
726 3277 758 3326 17
778 3271 827 3326 diu
845 3289 902 3328 non
919 3275 940 3326 B
959 3275 969 3342 d
990 3278 1024 3326 21
1044 3271 1177 3327 defenda-
1304 3311 1305 3314 ,

215 3359 277 3397 mue
295 3346 315 3395 B
334 3346 344 3414 ΙΙ
361 3349 395 3398 tt
415 3346 548 3412 queratur
565 3346 586 3395 B
605 3344 615 3411 ΙΙ
632 3347 666 3396 26
685 3345 792 3411 negant
809 3346 862 3410 Aa,
881 3349 968 3412 negat
985 3346 1070 3414 Μ,
1088 3359 1179 3414 negas
1304 3411 1305 3420 ἵ

215 3417 235 3442 ”
248 3414 258 3466 l
271 3418 305 3469 28
325 3415 401 3486 cepit
418 3418 465 3484 na,
484 3414 605 3483 cepisset
623 3415 661 3464 Bb
672 3417 692 3464 P
705 3414 715 3481 fl
728 3411 877 3487 *non(ne)
