2682 3956
406 148 726 208 DECLAMATIONES.
746 151 841 210 CCCL.
1041 154 1105 218 379

143 341 221 384 num
245 338 324 400 esse,
347 317 383 380 ut
405 313 606 399 praedictum
630 314 682 380 sit.
714 315 750 379 in
774 336 908 398 summa,
932 316 1105 401 quidplus

144 407 215 492 pati
237 407 388 489 potuerat
403 401 600 494 adulescens,
615 403 643 468 si
656 425 814 468 venenum
825 403 985 471 bibisset?
1008 426 1107 488 pona·

120 564 122 570 ,
147 518 218 560 mus
237 517 277 558 ex
296 494 399 558 altera
416 493 509 577 parte
527 491 620 557 illam
638 492 815 576 potionem,
833 492 924 557 cuius
938 496 975 557 tu
989 514 1107 556 nomen

144 582 281 650 subinde
304 583 421 666 iaotas3
448 599 533 665 pone
557 601 596 645 ex
619 582 722 646 altera
744 581 923 664 potionem,
948 602 1046 665 quam
1068 585 1106 645 tu

145 671 274 737 dedisti:
307 670 346 735 de
377 672 517 753 utraque
544 667 630 734 idem
657 668 773 734 medici
800 669 917 734 dicent.
963 669 991 734 si
1022 669 1141 733 nihilo

146 761 284 826 interest
307 759 432 840 mortis,
455 757 539 822 nihil
562 757 699 823 interest
721 757 875 826 criminis.

210 848 301 914 Haec
328 847 369 912 ad
396 848 462 912 ius:
494 845 551 912 sed
574 846 615 912 ad
637 867 726 912 ream
749 846 817 932 legi
839 868 916 912 suae
940 845 1106 930 adplican-

143 938 219 1004 dam
257 959 335 1002 sane
364 938 546 1001 scrutemur
568 938 602 999 et
625 936 779 1000 animum.
818 957 884 1000 non
908 936 996 1015 dico,
1025 956 1107 1019 quae

137 1028 200 1108 sit,
234 1047 315 1114 quae
344 1023 483 1090 dederit:
515 1024 646 1089 interim
675 1023 737 1088 boc
759 1024 954 1108 respondeo,
987 1047 1107 1110 aquam

143 1115 299 1201 frigidam
332 1113 428 1178 dedit.
480 1134 558 1178 sane
588 1112 705 1177 medici
737 1135 804 1178 non
831 1114 1009 1197 vetuerint,
1041 1136 1108 1181 non
1127 1125 1161 1176 10

145 1203 327 1268 timuerint:
360 1202 440 1267 satis
470 1205 532 1284 est,
568 1223 635 1267 non
661 1202 889 1285 permiserunt.
933 1224 1107 1286 personam

145 1314 212 1357 non
231 1313 339 1375 onero,
358 1290 637 1355 denuntiationem
656 1289 839 1355 dissimulo:
861 1290 979 1356 dedisti
998 1313 1108 1377 aegro,

147 1379 232 1466 qnod
260 1383 353 1463 pater
380 1401 447 1444 non
475 1379 626 1444 dedisset.
672 1381 701 1443 si
730 1400 813 1443 unus
837 1379 955 1463 aliquis
980 1401 1017 1444 cx
1041 1401 1108 1444 mc-

146 1469 227 1535 dieis
264 1468 446 1534 nocituram
487 1471 616 1534 tantum
650 1467 818 1551 potionem
855 1489 926 1532 esse
963 1468 1108 1552 dixisset,

149 1556 288 1622 dicerem
310 1559 434 1621 tamen:
459 1555 599 1623 fortasse
622 1555 815 1621 moriturum
838 1577 905 1620 non
928 1557 1108 1640 putaveris:
1129 1571 1161 1620 15

145 1665 264 1712 nocere
295 1645 437 1710 voluisti.
485 1666 571 1710 nuuc
600 1646 686 1710 inter
723 1665 834 1710 omnes
866 1645 1008 1710 medicos
1036 1666 1107 1711 con-

148 1734 249 1818 stitit,
272 1733 454 1818 perituram
477 1755 561 1816 esse,
589 1734 616 1798 si
640 1756 758 1819 aquam
781 1733 934 1818 frigidam
957 1733 1109 1799 bibisset:

147 1822 273 1908 dedisti,
297 1825 471 1907 postquam
494 1825 619 1887 certum
643 1826 721 1887 erat.
754 1823 853 1888 velim
877 1823 967 1906 scire,
992 1845 1032 1888 an
1051 1823 1109 1888 ali·

147 1912 224 1997 quid
252 1912 319 1978 tale
348 1911 383 1976 in
405 1909 590 1977 valetudine
614 1912 682 1976 eius
706 1915 739 1978 et
762 1914 837 1977 ante
861 1911 985 1977 feceris.
1030 1933 1109 1976 nam

147 2002 215 2066 sive
234 2001 350 2084 fecisti,
373 2004 519 2086 apparet,
540 2000 701 2085 quomodo
722 1999 910 2066 adtentum
929 2000 1108 2084 periculum
1127 2014 1162 2065 20

147 2089 303 2154 deductus
332 2090 389 2173 sit3
418 2090 485 2155 sive
514 2110 580 2155 non
603 2089 723 2174 fecisti,
751 2093 888 2174 apparet
909 2089 1012 2155 fuisse
1035 2111 1109 2154 cau·

147 2199 231 2260 sam,
262 2180 396 2260 propter
425 2199 521 2262 quam
544 2178 679 2244 faceres.
728 2175 826 2262 „Non
849 2178 962 2262 putavi
984 2199 1109 2262 nocere,

147 2285 207 2330 nec
230 2264 351 2329 credidi
373 2265 535 2334 medicis.“
568 2266 701 2333 Adeone
724 2267 839 2351 ignota
861 2266 1038 2333 medicinae
1058 2288 1110 2332 ex-

150 2352 333 2438 perimenta
356 2354 455 2420 sunt?

221 2517 236 2566 1
255 2511 346 2566 rusae
363 2514 412 2578 as,
430 2525 481 2564 aa.
500 2511 574 2580 rur
593 2510 737 2566 surinus
750 2515 773 2564 r
786 2513 796 2582 l
809 2511 896 2566 rosea
910 2516 933 2565 a
946 2514 956 2581 ιι
970 2517 987 2566 a
1001 2495 1111 2568 inisse

149 2587 173 2636 Α
186 2585 195 2654 l
209 2582 281 2666 nihil
299 2581 328 2636 in
346 2582 400 2638 hoo
418 2581 631 2692 inlssf³⁸l.⁰f·,¹³
654 2584 664 2649 fl
688 2586 703 2635 7
722 2598 751 2636 se
771 2586 812 2635 Aa
824 2583 833 2650 ΙΙ
855 2582 927 2652 legis
950 2586 1000 2635 AB
1014 2584 1108 2664 l.⁷·⁸

147 2651 642 2793 rrrlrlflstl⁹slelu³l
657 2657 694 2776 ¹3.
709 2652 943 2789 asersual,
956 2655 1110 2778 uiue

149 2795 208 2862 Ro,
227 2797 275 2862 cfr.
295 2800 368 2864 221,
383 2801 401 2850 8
420 2802 445 2850 et
462 2798 592 2862 350,10;
609 2795 656 2849 aed
673 2793 708 2859 cf.
723 2797 880 2862 376,25aq.
894 2794 904 2861 ΙΙ
921 2801 951 2846 12
971 2811 1026 2849 non
1045 2812 1111 2850 vero

149 2866 175 2920 d.
194 2868 319 2935 Bssergo
336 2868 429 2936 ³ll3
448 2863 577 2934 aliquis
596 2867 642 2934 ΔΙΙ
657 2870 690 2920 16
709 2865 788 2920 *hoo
806 2867 853 2917 AB
867 2867 877 2931 ΙΙ
891 2870 995 2920 22-23
1014 2867 1112 2934 putavi

148 2935 368 3005 asserendis,
386 2937 486 3007 putavi
508 2952 609 2992 nocere
635 2935 739 2990 dedi!
795 2941 901 2990 23—24
920 2935 1112 3004 experimenta

151 3009 217 3062 sunt
236 3005 331 3077 egenti
349 3007 409 3063 vita
426 3008 508 3062 bona.
534 3025 571 3064 m.
585 3007 656 3062 fabii
674 3005 763 3076 quint'
794 3005 895 3060 finiunt
913 3005 1053 3060 coloratae
1071 3006 1111 3061 fe-

148 3079 243 3134 liciter
259 3077 479 3134 inci”eiusdem
499 3078 622 3134 colorata
642 3074 746 3132 GCOLI
763 3080 799 3145 Δ,
827 3075 1020 3147 experimenta
1038 3078 1111 3131 sunt.

148 3149 187 3204 M.
205 3148 287 3205 Fabii
307 3098 474 3215 dmutilieni
492 3146 622 3205 Colorate
640 3148 733 3219 incip?
748 3147 873 3203 maedam
897 3147 1028 3202 Colorate
1048 3145 1112 3199 feli-

151 3221 208 3276 cit’
243 3221 351 3291 legenti
379 3221 439 3276 vita
465 3221 562 3291 proba.
586 3225 620 3288 B,
652 3219 846 3290 experimenta
872 3221 946 3274 sunt.
974 3217 1012 3271 Μ.
1031 3216 1112 3270 Fabii

151 3290 316 3355 Quintiliani
338 3293 438 3348 finiunt
462 3292 610 3348 coloratae.
648 3290 789 3360 Incipiunt
812 3289 937 3344 eiusdem
961 3289 1110 3344 coloratae.

150 3361 206 3415 fotr
223 3360 250 3416 le
271 3362 330 3417 enti
348 3361 410 3419 vita
427 3364 503 3418 bona
521 3368 551 3432 ο,
571 3381 633 3433 exp.
652 3379 674 3419 s.
693 3361 731 3418 M.
753 3361 824 3416 Fabi
844 3358 1010 3427 Quintiliani
1029 3359 1111 3414 Colo·

149 3432 228 3487 ratae
287 3433 357 3490 iunt.
384 3433 532 3490 Tractatio
550 3432 691 3504 incipiunt
708 3438 728 3486 P
746 3437 772 3489 ct
789 3432 864 3500 eddo
881 3433 917 3500 ef.
932 3432 1053 3503 prolepp.
