<?xml version="1.0" encoding="UTF-8"?>
<!DOCTYPE html PUBLIC "-//W3C//DTD XHTML 1.0 Transitional//EN"
    "http://www.w3.org/TR/xhtml1/DTD/xhtml1-transitional.dtd">
<html xmlns="http://www.w3.org/1999/xhtml" xml:lang="en" lang="en">
 <head>
  <title>
</title>
<meta http-equiv="Content-Type" content="text/html;charset=utf-8" />
  <meta name='ocr-system' content='tesseract 3.04.00' />
  <meta name='ocr-capabilities' content='ocr_page ocr_carea ocr_par ocr_line ocrx_word'/>
</head>
<body>
  <div class='ocr_page' id='page_1' title='image "./mfabiiquintilia02rittgoog_0221.png"; bbox 0 0 2670 3962; ppageno 0'>
   <div class='ocr_carea' id='block_1_1' title="bbox 639 168 868 236">
    <p class='ocr_par' dir='ltr' id='par_1_1' title="bbox 639 168 868 236">
     <span class='ocr_line' id='line_1_1' title="bbox 639 168 868 236; baseline -0.004 -11"><span class='ocrx_word' id='word_1_1' title='bbox 639 168 868 236; x_wconf 81' lang='lat' dir='ltr'>QUINTILIANI</span> 
     </span>
    </p>
   </div>
   <div class='ocr_carea' id='block_1_2' title="bbox 533 329 978 522">
    <p class='ocr_par' dir='ltr' id='par_1_2' title="bbox 533 329 978 522">
     <span class='ocr_line' id='line_1_2' title="bbox 662 329 849 399; baseline 0.005 -1"><span class='ocrx_word' id='word_1_2' title='bbox 662 329 849 399; x_wconf 76' lang='lat' dir='ltr'>OOXGIX.</span> 
     </span>
     <span class='ocr_line' id='line_1_3' title="bbox 533 436 978 522; baseline -0.004 -16"><span class='ocrx_word' id='word_1_3' title='bbox 533 437 620 506; x_wconf 82' lang='lat' dir='ltr'><strong>Ossa</strong></span> <span class='ocrx_word' id='word_1_4' title='bbox 642 438 747 505; x_wconf 88' lang='lat' dir='ltr'><strong>eruta</strong></span> <span class='ocrx_word' id='word_1_5' title='bbox 769 436 978 522; x_wconf 82' lang='lat' dir='ltr'><strong>parricidae.</strong></span> 
     </span>
    </p>
   </div>
   <div class='ocr_carea' id='block_1_3' title="bbox 237 547 1240 1343">
    <p class='ocr_par' dir='ltr' id='par_1_3' title="bbox 271 547 1240 614">
     <span class='ocr_line' id='line_1_4' title="bbox 271 547 1240 614; baseline -0.003 1"><span class='ocrx_word' id='word_1_6' title='bbox 271 547 489 614; x_wconf 75' lang='lat' dir='ltr'><strong>Paamcmas</strong></span> <span class='ocrx_word' id='word_1_7' title='bbox 513 563 700 612; x_wconf 71' lang='lat' dir='ltr'><strong>russeum</strong></span> <span class='ocrx_word' id='word_1_8' title='bbox 722 562 944 611; x_wconf 71' lang='lat' dir='ltr'><strong>semmurum</strong></span> <span class='ocrx_word' id='word_1_9' title='bbox 973 562 1143 612; x_wconf 69' lang='lat' dir='ltr'><strong>sermnem</strong></span> <span class='ocrx_word' id='word_1_10' title='bbox 1161 563 1240 612; x_wconf 78' lang='lat' dir='ltr'><strong>vro-</strong></span> 
     </span>
    </p>

    <p class='ocr_par' dir='ltr' id='par_1_4' title="bbox 361 633 1240 718">
     <span class='ocr_line' id='line_1_5' title="bbox 361 633 1240 718; baseline 0 -17"><span class='ocrx_word' id='word_1_11' title='bbox 361 655 446 701; x_wconf 67' lang='grc' dir='ltr'><strong>ωτι</strong></span> <span class='ocrx_word' id='word_1_12' title='bbox 482 653 535 702; x_wconf 81' lang='lat' dir='ltr'><strong>sm</strong></span> <span class='ocrx_word' id='word_1_13' title='bbox 570 652 686 701; x_wconf 74' lang='lat' dir='ltr'><strong>acmo.</strong></span> <span class='ocrx_word' id='word_1_14' title='bbox 738 633 902 718; x_wconf 77' lang='lat' dir='ltr'><strong>Decedeus</strong></span> <span class='ocrx_word' id='word_1_15' title='bbox 932 637 1026 718; x_wconf 85' lang='lat' dir='ltr'><strong>pater</strong></span> <span class='ocrx_word' id='word_1_16' title='bbox 1070 635 1240 701; x_wconf 83' lang='lat' dir='ltr'><strong>mandavit</strong></span> 
     </span>
    </p>

    <p class='ocr_par' dir='ltr' id='par_1_5' title="bbox 237 722 1238 807">
     <span class='ocr_line' id='line_1_6' title="bbox 237 722 1238 807; baseline 0.002 -19"><span class='ocrx_word' id='word_1_17' title='bbox 237 739 253 788; x_wconf 71' lang='grc' dir='ltr'>ὁ</span> <span class='ocrx_word' id='word_1_18' title='bbox 361 726 449 791; x_wconf 86' lang='lat' dir='ltr'><strong>filiae</strong></span> <span class='ocrx_word' id='word_1_19' title='bbox 472 725 643 807; x_wconf 87' lang='lat' dir='ltr'><strong>ultionem,</strong></span> <span class='ocrx_word' id='word_1_20' title='bbox 666 723 775 789; x_wconf 89' lang='lat' dir='ltr'><strong>dicens</strong></span> <span class='ocrx_word' id='word_1_21' title='bbox 799 745 833 787; x_wconf 88' lang='lat' dir='ltr'><strong>se</strong></span> <span class='ocrx_word' id='word_1_22' title='bbox 858 722 995 788; x_wconf 89' lang='lat' dir='ltr'><strong>ducrum</strong></span> <span class='ocrx_word' id='word_1_23' title='bbox 1018 723 1161 790; x_wconf 86' lang='lat' dir='ltr'><strong>filiorum</strong></span> <span class='ocrx_word' id='word_1_24' title='bbox 1184 745 1238 790; x_wconf 86' lang='lat' dir='ltr'><strong>ve·</strong></span> 
     </span>
    </p>

    <p class='ocr_par' dir='ltr' id='par_1_6' title="bbox 361 811 1236 898">
     <span class='ocr_line' id='line_1_7' title="bbox 361 811 1236 898; baseline 0.001 -19"><span class='ocrx_word' id='word_1_25' title='bbox 361 835 446 880; x_wconf 90' lang='lat' dir='ltr'><strong>ncnc</strong></span> <span class='ocrx_word' id='word_1_26' title='bbox 466 813 579 898; x_wconf 89' lang='lat' dir='ltr'><strong>perire.</strong></span> <span class='ocrx_word' id='word_1_27' title='bbox 601 812 710 897; x_wconf 91' lang='lat' dir='ltr'><strong>puella</strong></span> <span class='ocrx_word' id='word_1_28' title='bbox 724 833 797 878; x_wconf 89' lang='lat' dir='ltr'><strong>reos</strong></span> <span class='ocrx_word' id='word_1_29' title='bbox 812 811 1000 896; x_wconf 84' lang='lat' dir='ltr'><strong>postularit.</strong></span> <span class='ocrx_word' id='word_1_30' title='bbox 1022 812 1108 877; x_wconf 85' lang='lat' dir='ltr'><strong>inter</strong></span> <span class='ocrx_word' id='word_1_31' title='bbox 1126 835 1236 880; x_wconf 89' lang='lat' dir='ltr'><strong>moras</strong></span> 
     </span>
    </p>

    <p class='ocr_par' dir='ltr' id='par_1_7' title="bbox 362 899 1237 986">
     <span class='ocr_line' id='line_1_8' title="bbox 362 899 1237 986; baseline 0.001 -18"><span class='ocrx_word' id='word_1_32' title='bbox 362 925 445 968; x_wconf 90' lang='lat' dir='ltr'><strong>unus</strong></span> <span class='ocrx_word' id='word_1_33' title='bbox 470 924 504 968; x_wconf 91' lang='lat' dir='ltr'><strong>se</strong></span> <span class='ocrx_word' id='word_1_34' title='bbox 527 900 645 967; x_wconf 84' lang='lat' dir='ltr'><strong>occidit</strong></span> <span class='ocrx_word' id='word_1_35' title='bbox 668 903 701 966; x_wconf 84' lang='lat' dir='ltr'><strong>et</strong></span> <span class='ocrx_word' id='word_1_36' title='bbox 723 899 868 986; x_wconf 79' lang='lat' dir='ltr'><strong>sepultus</strong></span> <span class='ocrx_word' id='word_1_37' title='bbox 893 903 944 965; x_wconf 89' lang='lat' dir='ltr'><strong>est</strong></span> <span class='ocrx_word' id='word_1_38' title='bbox 966 901 1000 964; x_wconf 90' lang='lat' dir='ltr'><strong>in</strong></span> <span class='ocrx_word' id='word_1_39' title='bbox 1024 906 1237 968; x_wconf 85' lang='lat' dir='ltr'><strong>monumento</strong></span> 
     </span>
    </p>

    <p class='ocr_par' dir='ltr' id='par_1_8' title="bbox 362 987 1239 1075">
     <span class='ocr_line' id='line_1_9' title="bbox 362 987 1239 1075; baseline -0.002 -19"><span class='ocrx_word' id='word_1_40' title='bbox 362 992 532 1056; x_wconf 89' lang='lat' dir='ltr'><strong>maiorum.</strong></span> <span class='ocrx_word' id='word_1_41' title='bbox 569 990 707 1055; x_wconf 87' lang='lat' dir='ltr'><strong>alterum</strong></span> <span class='ocrx_word' id='word_1_42' title='bbox 731 1011 804 1053; x_wconf 91' lang='lat' dir='ltr'><strong>cum</strong></span> <span class='ocrx_word' id='word_1_43' title='bbox 827 987 1016 1055; x_wconf 72' lang='lat' dir='ltr'><strong>damnasset</strong></span> <span class='ocrx_word' id='word_1_44' title='bbox 1039 992 1072 1055; x_wconf 83' lang='lat' dir='ltr'><strong>et</strong></span> <span class='ocrx_word' id='word_1_45' title='bbox 1095 990 1239 1075; x_wconf 86' lang='lat' dir='ltr'><strong>insepul-</strong></span> 
     </span>
    </p>

    <p class='ocr_par' dir='ltr' id='par_1_9' title="bbox 361 1078 1238 1164">
     <span class='ocr_line' id='line_1_10' title="bbox 361 1078 1238 1164; baseline -0.001 -19"><span class='ocrx_word' id='word_1_46' title='bbox 361 1084 431 1145; x_wconf 87' lang='lat' dir='ltr'><strong>tum</strong></span> <span class='ocrx_word' id='word_1_47' title='bbox 454 1079 656 1164; x_wconf 86' lang='lat' dir='ltr'><strong>proiecisset‚</strong></span> <span class='ocrx_word' id='word_1_48' title='bbox 678 1079 746 1144; x_wconf 88' lang='lat' dir='ltr'><strong>eius</strong></span> <span class='ocrx_word' id='word_1_49' title='bbox 770 1099 905 1163; x_wconf 85' lang='lat' dir='ltr'><strong>quoque,</strong></span> <span class='ocrx_word' id='word_1_50' title='bbox 930 1078 985 1162; x_wconf 91' lang='lat' dir='ltr'><strong>qui</strong></span> <span class='ocrx_word' id='word_1_51' title='bbox 1005 1078 1151 1163; x_wconf 87' lang='lat' dir='ltr'><strong>sepultus</strong></span> <span class='ocrx_word' id='word_1_52' title='bbox 1169 1080 1238 1145; x_wconf 76' lang='lat' dir='ltr'><strong>fue</strong></span> 
     </span>
    </p>

    <p class='ocr_par' dir='ltr' id='par_1_10' title="bbox 361 1167 1237 1343">
     <span class='ocr_line' id='line_1_11' title="bbox 361 1167 1237 1251; baseline 0 -17"><span class='ocrx_word' id='word_1_53' title='bbox 361 1173 425 1251; x_wconf 81' lang='lat' dir='ltr'><strong>rat,</strong></span> <span class='ocrx_word' id='word_1_54' title='bbox 457 1190 532 1234; x_wconf 88' lang='lat' dir='ltr'><strong>ossa</strong></span> <span class='ocrx_word' id='word_1_55' title='bbox 562 1169 647 1234; x_wconf 86' lang='lat' dir='ltr'><strong>eruit</strong></span> <span class='ocrx_word' id='word_1_56' title='bbox 677 1171 709 1233; x_wconf 91' lang='lat' dir='ltr'><strong>et</strong></span> <span class='ocrx_word' id='word_1_57' title='bbox 739 1167 868 1232; x_wconf 86' lang='lat' dir='ltr'><strong>abiecit.</strong></span> <span class='ocrx_word' id='word_1_58' title='bbox 919 1171 1090 1233; x_wconf 88' lang='lat' dir='ltr'><strong>accusatur</strong></span> <span class='ocrx_word' id='word_1_59' title='bbox 1122 1168 1237 1234; x_wconf 84' lang='lat' dir='ltr'><strong>violati</strong></span> 
     </span>
     <span class='ocr_line' id='line_1_12' title="bbox 363 1257 511 1343; baseline 0 -21"><span class='ocrx_word' id='word_1_60' title='bbox 363 1257 511 1343; x_wconf 84' lang='lat' dir='ltr'><strong>sepulcri.</strong></span> 
     </span>
    </p>
   </div>
   <div class='ocr_carea' id='block_1_4' title="bbox 672 1342 845 1410">
    <p class='ocr_par' dir='ltr' id='par_1_11' title="bbox 672 1342 845 1410">
     <span class='ocr_line' id='line_1_13' title="bbox 672 1342 845 1410; baseline -0.006 0"><span class='ocrx_word' id='word_1_61' title='bbox 672 1342 845 1410; x_wconf 82' lang='lat' dir='ltr'><strong>SERMO.</strong></span> 
     </span>
    </p>
   </div>
   <div class='ocr_carea' id='block_1_5' title="bbox 223 1450 1240 1978">
    <p class='ocr_par' dir='ltr' id='par_1_12' title="bbox 340 1450 1239 1536">
     <span class='ocr_line' id='line_1_14' title="bbox 340 1450 1239 1536; baseline 0.001 -20"><span class='ocrx_word' id='word_1_62' title='bbox 340 1450 394 1516; x_wconf 88' lang='lat' dir='ltr'><strong>An</strong></span> <span class='ocrx_word' id='word_1_63' title='bbox 413 1455 586 1536; x_wconf 90' lang='lat' dir='ltr'><strong>utcumque</strong></span> <span class='ocrx_word' id='word_1_64' title='bbox 605 1451 769 1536; x_wconf 88' lang='lat' dir='ltr'><strong>sepultum</strong></span> <span class='ocrx_word' id='word_1_65' title='bbox 788 1471 897 1516; x_wconf 89' lang='lat' dir='ltr'><strong>eruere</strong></span> <span class='ocrx_word' id='word_1_66' title='bbox 916 1470 983 1515; x_wconf 87' lang='lat' dir='ltr'><strong>non</strong></span> <span class='ocrx_word' id='word_1_67' title='bbox 1001 1450 1122 1516; x_wconf 84' lang='lat' dir='ltr'><strong>liceat?</strong></span> <span class='ocrx_word' id='word_1_68' title='bbox 1147 1472 1189 1515; x_wconf 87' lang='lat' dir='ltr'><strong>an</strong></span> <span class='ocrx_word' id='word_1_69' title='bbox 1208 1452 1239 1517; x_wconf 89' lang='lat' dir='ltr'><strong>ei</strong></span> 
     </span>
    </p>

    <p class='ocr_par' dir='ltr' id='par_1_13' title="bbox 273 1537 1238 1625">
     <span class='ocr_line' id='line_1_15' title="bbox 273 1537 1238 1625; baseline 0.002 -21"><span class='ocrx_word' id='word_1_70' title='bbox 273 1562 340 1605; x_wconf 87' lang='lat' dir='ltr'><strong>non</strong></span> <span class='ocrx_word' id='word_1_71' title='bbox 353 1539 490 1625; x_wconf 83' lang='lat' dir='ltr'><strong>licuerit,</strong></span> <span class='ocrx_word' id='word_1_72' title='bbox 505 1562 587 1625; x_wconf 90' lang='lat' dir='ltr'><strong>quae</strong></span> <span class='ocrx_word' id='word_1_73' title='bbox 601 1539 709 1624; x_wconf 87' lang='lat' dir='ltr'><strong>potuit</strong></span> <span class='ocrx_word' id='word_1_74' title='bbox 725 1537 969 1624; x_wconf 74' lang='lat' dir='ltr'><strong>(sepulturam)</strong></span> <span class='ocrx_word' id='word_1_75' title='bbox 978 1538 1175 1623; x_wconf 83' lang='lat' dir='ltr'><strong>prohibere?</strong></span> <span class='ocrx_word' id='word_1_76' title='bbox 1194 1562 1238 1606; x_wconf 88' lang='lat' dir='ltr'><strong>an</strong></span> 
     </span>
    </p>

    <p class='ocr_par' dir='ltr' id='par_1_14' title="bbox 223 1625 1240 1978">
     <span class='ocr_line' id='line_1_16' title="bbox 223 1625 1236 1713; baseline 0.004 -22"><span class='ocrx_word' id='word_1_77' title='bbox 223 1641 255 1691; x_wconf 80' lang='lat'><strong>15</strong></span> <span class='ocrx_word' id='word_1_78' title='bbox 275 1629 383 1713; x_wconf 86' lang='lat' dir='ltr'><strong>etiam,</strong></span> <span class='ocrx_word' id='word_1_79' title='bbox 406 1627 485 1712; x_wconf 76' lang='lat' dir='ltr'><strong>(ut)</strong></span> <span class='ocrx_word' id='word_1_80' title='bbox 504 1651 570 1694; x_wconf 89' lang='lat' dir='ltr'><strong>non</strong></span> <span class='ocrx_word' id='word_1_81' title='bbox 588 1629 657 1693; x_wconf 91' lang='lat' dir='ltr'><strong>iure</strong></span> <span class='ocrx_word' id='word_1_82' title='bbox 675 1628 774 1692; x_wconf 82' lang='lat' dir='ltr'><strong>fuerit</strong></span> <span class='ocrx_word' id='word_1_83' title='bbox 792 1625 961 1711; x_wconf 82' lang='lat' dir='ltr'><strong>sepultus?</strong></span> <span class='ocrx_word' id='word_1_84' title='bbox 983 1626 1059 1693; x_wconf 89' lang='lat' dir='ltr'><strong>hinc</strong></span> <span class='ocrx_word' id='word_1_85' title='bbox 1078 1628 1236 1712; x_wconf 78' lang='lat' dir='ltr'><strong>speciales</strong></span> 
     </span>
     <span class='ocr_line' id='line_1_17' title="bbox 275 1716 1239 1803; baseline 0 -21"><span class='ocrx_word' id='word_1_86' title='bbox 275 1717 490 1802; x_wconf 82' lang='lat' dir='ltr'><strong>quaestiones,</strong></span> <span class='ocrx_word' id='word_1_87' title='bbox 508 1720 617 1783; x_wconf 89' lang='lat' dir='ltr'><strong>utrum</strong></span> <span class='ocrx_word' id='word_1_88' title='bbox 635 1716 687 1781; x_wconf 88' lang='lat' dir='ltr'><strong>lex</strong></span> <span class='ocrx_word' id='word_1_89' title='bbox 706 1716 895 1780; x_wconf 83' lang='lat' dir='ltr'><strong>damnatum</strong></span> <span class='ocrx_word' id='word_1_90' title='bbox 914 1716 1043 1780; x_wconf 88' lang='lat' dir='ltr'><strong>tantum</strong></span> <span class='ocrx_word' id='word_1_91' title='bbox 1063 1716 1239 1803; x_wconf 84' lang='lat' dir='ltr'><strong>parricidii,</strong></span> 
     </span>
     <span class='ocr_line' id='line_1_18' title="bbox 275 1803 1240 1890; baseline 0 -20"><span class='ocrx_word' id='word_1_92' title='bbox 275 1828 317 1870; x_wconf 89' lang='lat' dir='ltr'><strong>an</strong></span> <span class='ocrx_word' id='word_1_93' title='bbox 330 1827 442 1871; x_wconf 86' lang='lat' dir='ltr'><strong>revera</strong></span> <span class='ocrx_word' id='word_1_94' title='bbox 455 1804 649 1890; x_wconf 87' lang='lat' dir='ltr'><strong>parricidam</strong></span> <span class='ocrx_word' id='word_1_95' title='bbox 663 1803 836 1888; x_wconf 87' lang='lat' dir='ltr'><strong>prohibeat</strong></span> <span class='ocrx_word' id='word_1_96' title='bbox 847 1803 996 1888; x_wconf 81' lang='lat' dir='ltr'><strong>sepeliri?</strong></span> <span class='ocrx_word' id='word_1_97' title='bbox 1016 1826 1058 1869; x_wconf 89' lang='lat' dir='ltr'><strong>an</strong></span> <span class='ocrx_word' id='word_1_98' title='bbox 1069 1805 1126 1872; x_wconf 91' lang='lat' dir='ltr'><strong>ille</strong></span> <span class='ocrx_word' id='word_1_99' title='bbox 1135 1807 1240 1889; x_wconf 86' lang='lat' dir='ltr'><strong>parri·</strong></span> 
     </span>
     <span class='ocr_line' id='line_1_19' title="bbox 274 1890 1239 1978; baseline 0 -19"><span class='ocrx_word' id='word_1_100' title='bbox 274 1893 347 1960; x_wconf 89' lang='lat' dir='ltr'><strong>cida</strong></span> <span class='ocrx_word' id='word_1_101' title='bbox 369 1893 489 1959; x_wconf 84' lang='lat' dir='ltr'><strong>fuerit?</strong></span> <span class='ocrx_word' id='word_1_102' title='bbox 527 1894 561 1958; x_wconf 90' lang='lat' dir='ltr'><strong>in</strong></span> <span class='ocrx_word' id='word_1_103' title='bbox 584 1893 646 1957; x_wconf 93' lang='lat' dir='ltr'><strong>hcc</strong></span> <span class='ocrx_word' id='word_1_104' title='bbox 669 1891 862 1976; x_wconf 75' lang='lat' dir='ltr'><strong>probaticae</strong></span> <span class='ocrx_word' id='word_1_105' title='bbox 885 1890 976 1978; x_wconf 85' lang='lat' dir='ltr'><strong>duae,</strong></span> <span class='ocrx_word' id='word_1_106' title='bbox 1000 1893 1104 1959; x_wconf 89' lang='lat' dir='ltr'><strong>altera</strong></span> <span class='ocrx_word' id='word_1_107' title='bbox 1127 1899 1239 1978; x_wconf 77' lang='grc' dir='ltr'><strong><em>παθη-</em></strong></span> 
     </span>
    </p>
   </div>
   <div class='ocr_carea' id='block_1_6' title="bbox 223 1975 1317 2862">
    <p class='ocr_par' dir='ltr' id='par_1_15' title="bbox 273 1975 1238 2067">
     <span class='ocr_line' id='line_1_20' title="bbox 273 1975 1238 2067; baseline 0.002 -21"><span class='ocrx_word' id='word_1_108' title='bbox 273 1978 363 2067; x_wconf 80' lang='grc' dir='ltr'><strong><em>τική,</em></strong></span> <span class='ocrx_word' id='word_1_109' title='bbox 397 1982 502 2048; x_wconf 87' lang='lat' dir='ltr'><strong>altera</strong></span> <span class='ocrx_word' id='word_1_110' title='bbox 523 1975 750 2065; x_wconf 61' lang='lat' dir='ltr'><strong>acoemetensi,</strong></span> <span class='ocrx_word' id='word_1_111' title='bbox 782 1979 903 2060; x_wconf 85' lang='lat' dir='ltr'><strong>idest,</strong></span> <span class='ocrx_word' id='word_1_112' title='bbox 928 1981 1076 2048; x_wconf 83' lang='lat' dir='ltr'><strong>adfectus</strong></span> <span class='ocrx_word' id='word_1_113' title='bbox 1101 1986 1133 2048; x_wconf 87' lang='lat' dir='ltr'><strong>et</strong></span> <span class='ocrx_word' id='word_1_114' title='bbox 1156 1982 1238 2049; x_wconf 89' lang='lat' dir='ltr'><strong>iuris</strong></span> 
     </span>
    </p>

    <p class='ocr_par' dir='ltr' id='par_1_16' title="bbox 223 2069 1317 2510">
     <span class='ocr_line' id='line_1_21' title="bbox 223 2069 1317 2157; baseline 0.002 -22"><span class='ocrx_word' id='word_1_115' title='bbox 223 2085 256 2135; x_wconf 82' lang='lat'><strong>20</strong></span> <span class='ocrx_word' id='word_1_116' title='bbox 275 2070 490 2157; x_wconf 88' lang='lat' dir='ltr'><strong>quaestiones.</strong></span> <span class='ocrx_word' id='word_1_117' title='bbox 513 2092 555 2134; x_wconf 87' lang='lat' dir='ltr'><strong>an</strong></span> <span class='ocrx_word' id='word_1_118' title='bbox 574 2069 745 2134; x_wconf 88' lang='lat' dir='ltr'><strong>damnatus</strong></span> <span class='ocrx_word' id='word_1_119' title='bbox 764 2069 808 2133; x_wconf 89' lang='lat' dir='ltr'><strong>sit</strong></span> <span class='ocrx_word' id='word_1_120' title='bbox 827 2091 885 2135; x_wconf 91' lang='lat' dir='ltr'><strong>sua</strong></span> <span class='ocrx_word' id='word_1_121' title='bbox 906 2070 1075 2156; x_wconf 81' lang='lat' dir='ltr'><strong>sententia,</strong></span> <span class='ocrx_word' id='word_1_122' title='bbox 1099 2071 1155 2155; x_wconf 92' lang='lat' dir='ltr'><strong>qui</strong></span> <span class='ocrx_word' id='word_1_123' title='bbox 1174 2072 1239 2137; x_wconf 91' lang='lat' dir='ltr'><strong>sibi</strong></span> <span class='ocrx_word' id='word_1_124' title='bbox 1316 2141 1317 2144; x_wconf 51' lang='lat'>,</span> 
     </span>
     <span class='ocr_line' id='line_1_22' title="bbox 274 2157 1241 2243; baseline 0.001 -19"><span class='ocrx_word' id='word_1_125' title='bbox 274 2181 391 2224; x_wconf 88' lang='lat' dir='ltr'><strong>manus</strong></span> <span class='ocrx_word' id='word_1_126' title='bbox 419 2157 552 2224; x_wconf 82' lang='lat' dir='ltr'><strong>attulit?</strong></span> <span class='ocrx_word' id='word_1_127' title='bbox 599 2179 641 2223; x_wconf 87' lang='lat' dir='ltr'><strong>an</strong></span> <span class='ocrx_word' id='word_1_128' title='bbox 670 2159 703 2222; x_wconf 84' lang='lat' dir='ltr'><strong>et</strong></span> <span class='ocrx_word' id='word_1_129' title='bbox 730 2157 769 2223; x_wconf 88' lang='lat' dir='ltr'><strong>de</strong></span> <span class='ocrx_word' id='word_1_130' title='bbox 792 2157 851 2224; x_wconf 92' lang='lat' dir='ltr'><strong>illc</strong></span> <span class='ocrx_word' id='word_1_131' title='bbox 876 2157 1055 2224; x_wconf 87' lang='lat' dir='ltr'><strong>iudicatum</strong></span> <span class='ocrx_word' id='word_1_132' title='bbox 1078 2158 1136 2243; x_wconf 87' lang='lat' dir='ltr'><strong>sit,</strong></span> <span class='ocrx_word' id='word_1_133' title='bbox 1165 2181 1241 2226; x_wconf 91' lang='lat' dir='ltr'><strong>cum</strong></span> 
     </span>
     <span class='ocr_line' id='line_1_23' title="bbox 274 2244 1316 2333; baseline 0.003 -22"><span class='ocrx_word' id='word_1_134' title='bbox 274 2248 375 2312; x_wconf 87' lang='lat' dir='ltr'><strong>frater</strong></span> <span class='ocrx_word' id='word_1_135' title='bbox 398 2247 467 2312; x_wconf 91' lang='lat' dir='ltr'><strong>eius</strong></span> <span class='ocrx_word' id='word_1_136' title='bbox 491 2244 657 2312; x_wconf 85' lang='lat' dir='ltr'><strong>convictus</strong></span> <span class='ocrx_word' id='word_1_137' title='bbox 681 2246 747 2312; x_wconf 80' lang='lat' dir='ltr'><strong>sit?</strong></span> <span class='ocrx_word' id='word_1_138' title='bbox 780 2268 822 2312; x_wconf 86' lang='lat' dir='ltr'><strong>an</strong></span> <span class='ocrx_word' id='word_1_139' title='bbox 844 2268 912 2312; x_wconf 90' lang='lat' dir='ltr'><strong>non</strong></span> <span class='ocrx_word' id='word_1_140' title='bbox 935 2248 1042 2331; x_wconf 88' lang='lat' dir='ltr'><strong>pessit</strong></span> <span class='ocrx_word' id='word_1_141' title='bbox 1065 2248 1240 2333; x_wconf 87' lang='lat' dir='ltr'><strong>quisquam</strong></span> <span class='ocrx_word' id='word_1_142' title='bbox 1315 2245 1316 2275; x_wconf 63' lang='lat'>¹</span> 
     </span>
     <span class='ocr_line' id='line_1_24' title="bbox 275 2334 1314 2421; baseline 0.005 -22"><span class='ocrx_word' id='word_1_143' title='bbox 275 2339 422 2400; x_wconf 85' lang='lat' dir='ltr'><strong>mortuus</strong></span> <span class='ocrx_word' id='word_1_144' title='bbox 447 2334 615 2400; x_wconf 80' lang='lat' dir='ltr'><strong>damnari?</strong></span> <span class='ocrx_word' id='word_1_145' title='bbox 644 2335 744 2400; x_wconf 90' lang='lat' dir='ltr'><strong>etiam</strong></span> <span class='ocrx_word' id='word_1_146' title='bbox 768 2338 804 2401; x_wconf 87' lang='lat' dir='ltr'><strong>ut</strong></span> <span class='ocrx_word' id='word_1_147' title='bbox 828 2335 911 2402; x_wconf 85' lang='lat' dir='ltr'><strong>alius</strong></span> <span class='ocrx_word' id='word_1_148' title='bbox 935 2357 1031 2401; x_wconf 89' lang='lat' dir='ltr'><strong>nemo</strong></span> <span class='ocrx_word' id='word_1_149' title='bbox 1053 2336 1174 2421; x_wconf 84' lang='lat' dir='ltr'><strong>possit,</strong></span> <span class='ocrx_word' id='word_1_150' title='bbox 1199 2359 1241 2402; x_wconf 89' lang='lat' dir='ltr'><strong>an</strong></span> <span class='ocrx_word' id='word_1_151' title='bbox 1313 2399 1314 2404; x_wconf 73' lang='grc'>,</span> 
     </span>
     <span class='ocr_line' id='line_1_25' title="bbox 275 2422 1241 2510; baseline 0.003 -23"><span class='ocrx_word' id='word_1_152' title='bbox 275 2422 386 2507; x_wconf 87' lang='lat' dir='ltr'><strong>&lt;nen&gt;</strong></span> <span class='ocrx_word' id='word_1_153' title='bbox 409 2423 438 2488; x_wconf 91' lang='lat' dir='ltr'><strong>is</strong></span> <span class='ocrx_word' id='word_1_154' title='bbox 461 2423 573 2508; x_wconf 86' lang='lat' dir='ltr'><strong>utique</strong></span> <span class='ocrx_word' id='word_1_155' title='bbox 595 2424 754 2508; x_wconf 89' lang='lat' dir='ltr'><strong>potuerit,</strong></span> <span class='ocrx_word' id='word_1_156' title='bbox 777 2424 833 2510; x_wconf 92' lang='lat' dir='ltr'><strong>qui</strong></span> <span class='ocrx_word' id='word_1_157' title='bbox 856 2424 891 2489; x_wconf 90' lang='lat' dir='ltr'><strong>in</strong></span> <span class='ocrx_word' id='word_1_158' title='bbox 914 2429 1006 2490; x_wconf 84' lang='lat' dir='ltr'><strong>reatu</strong></span> <span class='ocrx_word' id='word_1_159' title='bbox 1028 2425 1135 2510; x_wconf 88' lang='lat' dir='ltr'><strong>periit.</strong></span> <span class='ocrx_word' id='word_1_160' title='bbox 1164 2427 1241 2506; x_wconf 71' lang='lat' dir='ltr'><strong>Jsul-</strong></span> 
     </span>
    </p>

    <p class='ocr_par' dir='ltr' id='par_1_17' title="bbox 223 2511 1243 2862">
     <span class='ocr_line' id='line_1_26' title="bbox 223 2511 1241 2598; baseline 0.005 -23"><span class='ocrx_word' id='word_1_161' title='bbox 223 2526 257 2576; x_wconf 79' lang='lat'><strong>25</strong></span> <span class='ocrx_word' id='word_1_162' title='bbox 275 2511 374 2576; x_wconf 80' lang='lat' dir='ltr'><strong>timae</strong></span> <span class='ocrx_word' id='word_1_163' title='bbox 396 2511 538 2598; x_wconf 81' lang='lat' dir='ltr'><strong>pelagi†</strong></span> <span class='ocrx_word' id='word_1_164' title='bbox 562 2511 713 2597; x_wconf 85' lang='lat' dir='ltr'><strong>qualitas,</strong></span> <span class='ocrx_word' id='word_1_165' title='bbox 735 2512 770 2578; x_wconf 88' lang='lat' dir='ltr'><strong>in</strong></span> <span class='ocrx_word' id='word_1_166' title='bbox 794 2535 858 2597; x_wconf 88' lang='lat' dir='ltr'><strong>qua</strong></span> <span class='ocrx_word' id='word_1_167' title='bbox 877 2513 980 2578; x_wconf 87' lang='lat' dir='ltr'><strong>totius</strong></span> <span class='ocrx_word' id='word_1_168' title='bbox 1000 2514 1241 2580; x_wconf 82' lang='lat' dir='ltr'><strong>controversiae</strong></span> 
     </span>
     <span class='ocr_line' id='line_1_27' title="bbox 276 2598 1242 2686; baseline 0.004 -22"><span class='ocrx_word' id='word_1_169' title='bbox 276 2598 361 2666; x_wconf 87' lang='lat' dir='ltr'><strong>vires</strong></span> <span class='ocrx_word' id='word_1_170' title='bbox 385 2603 475 2666; x_wconf 67' lang='lat' dir='ltr'><strong>sunta</strong></span> <span class='ocrx_word' id='word_1_171' title='bbox 499 2600 593 2685; x_wconf 91' lang='lat' dir='ltr'><strong>quale</strong></span> <span class='ocrx_word' id='word_1_172' title='bbox 606 2599 702 2666; x_wconf 90' lang='lat' dir='ltr'><strong>huius</strong></span> <span class='ocrx_word' id='word_1_173' title='bbox 716 2601 848 2684; x_wconf 84' lang='lat' dir='ltr'><strong>factum,</strong></span> <span class='ocrx_word' id='word_1_174' title='bbox 872 2606 981 2665; x_wconf 87' lang='lat' dir='ltr'><strong>utrum</strong></span> <span class='ocrx_word' id='word_1_175' title='bbox 995 2601 1090 2666; x_wconf 82' lang='lat' dir='ltr'><strong>venia</strong></span> <span class='ocrx_word' id='word_1_176' title='bbox 1104 2600 1242 2686; x_wconf 84' lang='lat' dir='ltr'><strong>dignum</strong></span> 
     </span>
     <span class='ocr_line' id='line_1_28' title="bbox 277 2686 1243 2774; baseline 0.003 -22"><span class='ocrx_word' id='word_1_177' title='bbox 277 2710 318 2752; x_wconf 89' lang='lat' dir='ltr'><strong>an</strong></span> <span class='ocrx_word' id='word_1_178' title='bbox 341 2686 550 2754; x_wconf 88' lang='lat' dir='ltr'><strong>damnatione</strong></span> <span class='ocrx_word' id='word_1_179' title='bbox 574 2688 640 2754; x_wconf 83' lang='lat' dir='ltr'><strong>sit?</strong></span> <span class='ocrx_word' id='word_1_180' title='bbox 685 2689 720 2754; x_wconf 87' lang='lat' dir='ltr'><strong>in</strong></span> <span class='ocrx_word' id='word_1_181' title='bbox 743 2711 807 2774; x_wconf 87' lang='lat' dir='ltr'><strong>qua</strong></span> <span class='ocrx_word' id='word_1_182' title='bbox 830 2688 1024 2753; x_wconf 70' lang='lat' dir='ltr'><strong>tractatione</strong></span> <span class='ocrx_word' id='word_1_183' title='bbox 1047 2691 1243 2773; x_wconf 76' lang='grc' dir='ltr'><strong><em>παθητικῶς</em></strong></span> 
     </span>
     <span class='ocr_line' id='line_1_29' title="bbox 275 2776 814 2862; baseline 0.004 -23"><span class='ocrx_word' id='word_1_184' title='bbox 275 2797 335 2862; x_wconf 90' lang='lat' dir='ltr'><strong>pro</strong></span> <span class='ocrx_word' id='word_1_185' title='bbox 358 2798 393 2842; x_wconf 88' lang='lat' dir='ltr'><strong>re</strong></span> <span class='ocrx_word' id='word_1_186' title='bbox 415 2776 548 2860; x_wconf 90' lang='lat' dir='ltr'><strong>publica</strong></span> <span class='ocrx_word' id='word_1_187' title='bbox 570 2778 814 2862; x_wconf 81' lang='lat' dir='ltr'><strong>indignandum.</strong></span> 
     </span>
    </p>
   </div>
   <div class='ocr_carea' id='block_1_7' title="bbox 274 2878 1243 3500">
    <p class='ocr_par' dir='ltr' id='par_1_18' title="bbox 274 2878 1243 3500">
     <span class='ocr_line' id='line_1_30' title="bbox 347 2878 1243 2953; baseline 0.004 -19"><span class='ocrx_word' id='word_1_188' title='bbox 347 2885 365 2934; x_wconf 82' lang='lat'>4</span> <span class='ocrx_word' id='word_1_189' title='bbox 383 2881 464 2949; x_wconf 81' lang='lat' dir='ltr'><strong>pater</strong></span> <span class='ocrx_word' id='word_1_190' title='bbox 481 2896 531 2938; x_wconf 85' lang='lat' dir='ltr'><strong>cm.</strong></span> <span class='ocrx_word' id='word_1_191' title='bbox 551 2887 571 2934; x_wconf 85' lang='lat' dir='ltr'>P</span> <span class='ocrx_word' id='word_1_192' title='bbox 589 2884 600 2953; x_wconf 97' lang='grc'><strong>11</strong></span> <span class='ocrx_word' id='word_1_193' title='bbox 618 2888 634 2936; x_wconf 83' lang='grc'><strong>6</strong></span> <span class='ocrx_word' id='word_1_194' title='bbox 651 2898 746 2936; x_wconf 89' lang='lat' dir='ltr'><strong>moras</strong></span> <span class='ocrx_word' id='word_1_195' title='bbox 764 2878 904 2952; x_wconf 77' lang='lat' dir='ltr'><strong>(iudicii)</strong></span> <span class='ocrx_word' id='word_1_196' title='bbox 922 2879 966 2936; x_wconf 77' lang='lat' dir='ltr'><strong>Ro</strong></span> <span class='ocrx_word' id='word_1_197' title='bbox 979 2880 989 2949; x_wconf 96' lang='grc'><strong>11</strong></span> <span class='ocrx_word' id='word_1_198' title='bbox 1009 2885 1025 2936; x_wconf 79' lang='grc'><strong>7</strong></span> <span class='ocrx_word' id='word_1_199' title='bbox 1043 2879 1126 2935; x_wconf 88' lang='lat' dir='ltr'><strong>unius</strong></span> <span class='ocrx_word' id='word_1_200' title='bbox 1142 2882 1187 2951; x_wconf 76' lang='lat' dir='ltr'><strong>llll</strong></span> <span class='ocrx_word' id='word_1_201' title='bbox 1208 2887 1243 2938; x_wconf 88' lang='grc'><strong>10</strong></span> 
     </span>
     <span class='ocr_line' id='line_1_31' title="bbox 277 2950 1243 3024; baseline 0.002 -18"><span class='ocrx_word' id='word_1_202' title='bbox 277 2958 309 3006; x_wconf 86' lang='grc' dir='ltr'>Ν</span> <span class='ocrx_word' id='word_1_203' title='bbox 330 2953 354 3002; x_wconf 91' lang='lat' dir='ltr'>A</span> <span class='ocrx_word' id='word_1_204' title='bbox 376 2951 386 3020; x_wconf 95' lang='grc'>1</span> <span class='ocrx_word' id='word_1_205' title='bbox 410 2957 443 3006; x_wconf 83' lang='grc'><strong>14</strong></span> <span class='ocrx_word' id='word_1_206' title='bbox 461 2950 679 3024; x_wconf 84' lang='lat' dir='ltr'><strong>(sepulturam)</strong></span> <span class='ocrx_word' id='word_1_207' title='bbox 698 2951 742 3006; x_wconf 85' lang='lat' dir='ltr'><strong>Rc</strong></span> <span class='ocrx_word' id='word_1_208' title='bbox 763 2952 772 3020; x_wconf 97' lang='grc'><strong>11</strong></span> <span class='ocrx_word' id='word_1_209' title='bbox 796 2956 830 3004; x_wconf 75' lang='grc'><strong>15</strong></span> <span class='ocrx_word' id='word_1_210' title='bbox 848 2953 983 3019; x_wconf 85' lang='lat' dir='ltr'><strong>qutatu</strong></span> <span class='ocrx_word' id='word_1_211' title='bbox 1000 2956 1024 3005; x_wconf 91' lang='lat' dir='ltr'>A</span> <span class='ocrx_word' id='word_1_212' title='bbox 1043 2953 1054 3020; x_wconf 94' lang='grc'>1</span> <span class='ocrx_word' id='word_1_213' title='bbox 1075 2950 1180 3024; x_wconf 74' lang='lat' dir='ltr'><strong>*(ut&gt;;</strong></span> <span class='ocrx_word' id='word_1_214' title='bbox 1204 2970 1243 3008; x_wconf 86' lang='lat' dir='ltr'><strong>an</strong></span> 
     </span>
     <span class='ocr_line' id='line_1_32' title="bbox 276 3020 1243 3095; baseline 0.003 -19"><span class='ocrx_word' id='word_1_215' title='bbox 276 3020 362 3076; x_wconf 85' lang='lat' dir='ltr'><strong>etiam</strong></span> <span class='ocrx_word' id='word_1_216' title='bbox 380 3020 471 3095; x_wconf 81' lang='lat' dir='ltr'><strong>(ille)</strong></span> <span class='ocrx_word' id='word_1_217' title='bbox 489 3038 546 3077; x_wconf 87' lang='lat' dir='ltr'><strong>non</strong></span> <span class='ocrx_word' id='word_1_218' title='bbox 564 3022 582 3077; x_wconf 91' lang='lat' dir='ltr'><strong>i.</strong></span> <span class='ocrx_word' id='word_1_219' title='bbox 597 3023 616 3077; x_wconf 81' lang='lat' dir='ltr'><strong>l.</strong></span> <span class='ocrx_word' id='word_1_220' title='bbox 637 3022 781 3092; x_wconf 78' lang='lat' dir='ltr'><strong>sepultus?</strong></span> <span class='ocrx_word' id='word_1_221' title='bbox 800 3021 845 3077; x_wconf 85' lang='lat' dir='ltr'><strong>Rc</strong></span> <span class='ocrx_word' id='word_1_222' title='bbox 857 3023 867 3091; x_wconf 98' lang='grc'><strong>11</strong></span> <span class='ocrx_word' id='word_1_223' title='bbox 883 3028 915 3077; x_wconf 83' lang='lat'><strong>1‘1</strong></span> <span class='ocrx_word' id='word_1_224' title='bbox 929 3022 981 3076; x_wconf 88' lang='lat' dir='ltr'><strong>ille</strong></span> <span class='ocrx_word' id='word_1_225' title='bbox 993 3027 1014 3077; x_wconf 77' lang='grc' dir='ltr'>Ι</span> <span class='ocrx_word' id='word_1_226' title='bbox 1028 3025 1038 3093; x_wconf 95' lang='grc'><strong>11</strong></span> <span class='ocrx_word' id='word_1_227' title='bbox 1052 3028 1087 3078; x_wconf 82' lang='lat'><strong>18</strong></span> <span class='ocrx_word' id='word_1_228' title='bbox 1100 3023 1243 3092; x_wconf 84' lang='lat' dir='ltr'><strong>patetieae</strong></span> 
     </span>
     <span class='ocr_line' id='line_1_33' title="bbox 275 3093 1242 3176; baseline 0.004 -31"><span class='ocrx_word' id='word_1_229' title='bbox 275 3095 306 3158; x_wconf 86' lang='lat' dir='ltr'><strong>A,</strong></span> <span class='ocrx_word' id='word_1_230' title='bbox 325 3093 488 3162; x_wconf 79' lang='lat' dir='ltr'><strong>patheticae</strong></span> <span class='ocrx_word' id='word_1_231' title='bbox 502 3098 523 3146; x_wconf 79' lang='grc' dir='ltr'><strong><em>Β</em></strong></span> <span class='ocrx_word' id='word_1_232' title='bbox 537 3095 546 3162; x_wconf 96' lang='grc'><strong>11</strong></span> <span class='ocrx_word' id='word_1_233' title='bbox 562 3099 595 3148; x_wconf 85' lang='grc'><strong>19</strong></span> <span class='ocrx_word' id='word_1_234' title='bbox 609 3093 801 3176; x_wconf 85' lang='lat' dir='ltr'><strong>pragmaticae</strong></span> <span class='ocrx_word' id='word_1_235' title='bbox 820 3097 852 3161; x_wconf 88' lang='lat' dir='ltr'><strong>A,</strong></span> <span class='ocrx_word' id='word_1_236' title='bbox 871 3095 1044 3164; x_wconf 83' lang='lat' dir='ltr'><strong>premathice</strong></span> <span class='ocrx_word' id='word_1_237' title='bbox 1061 3096 1155 3164; x_wconf 66' lang='lat' dir='ltr'><strong>Anao</strong></span> <span class='ocrx_word' id='word_1_238' title='bbox 1174 3111 1242 3149; x_wconf 86' lang='lat' dir='ltr'><strong>suae</strong></span> 
     </span>
     <span class='ocr_line' id='line_1_34' title="bbox 275 3163 1243 3235; baseline 0.003 -18"><span class='ocrx_word' id='word_1_239' title='bbox 275 3163 434 3218; x_wconf 63' lang='lat' dir='ltr'><strong>secuntiae</strong></span> <span class='ocrx_word' id='word_1_240' title='bbox 451 3166 543 3235; x_wconf 72' lang='grc'><strong>3122</strong></span> <span class='ocrx_word' id='word_1_241' title='bbox 563 3166 728 3218; x_wconf 71' lang='lat' dir='ltr'><strong>cameriatus</strong></span> <span class='ocrx_word' id='word_1_242' title='bbox 746 3165 791 3233; x_wconf 73' lang='lat' dir='ltr'><strong>13ss</strong></span> <span class='ocrx_word' id='word_1_243' title='bbox 804 3168 938 3234; x_wconf 72' lang='lat' dir='ltr'><strong>possess</strong></span> <span class='ocrx_word' id='word_1_244' title='bbox 975 3171 1010 3219; x_wconf 78' lang='lat'><strong>23</strong></span> <span class='ocrx_word' id='word_1_245' title='bbox 1028 3163 1099 3219; x_wconf 79' lang='lat' dir='ltr'><strong>elias</strong></span> <span class='ocrx_word' id='word_1_246' title='bbox 1117 3168 1149 3233; x_wconf 76' lang='lat' dir='ltr'><strong>A,</strong></span> <span class='ocrx_word' id='word_1_247' title='bbox 1167 3165 1243 3220; x_wconf 83' lang='lat' dir='ltr'><strong>filios</strong></span> 
     </span>
     <span class='ocr_line' id='line_1_35' title="bbox 274 3234 1243 3314; baseline 0.006 -28"><span class='ocrx_word' id='word_1_248' title='bbox 274 3237 305 3301; x_wconf 78' lang='grc' dir='ltr'><strong>Β,</strong></span> <span class='ocrx_word' id='word_1_249' title='bbox 323 3250 393 3289; x_wconf 78' lang='lat' dir='ltr'><strong>corr.</strong></span> <span class='ocrx_word' id='word_1_250' title='bbox 413 3241 485 3290; x_wconf 79' lang='lat' dir='ltr'><strong>auct.</strong></span> <span class='ocrx_word' id='word_1_251' title='bbox 500 3237 595 3290; x_wconf 73' lang='lat' dir='ltr'><strong>iacere.</strong></span> <span class='ocrx_word' id='word_1_252' title='bbox 614 3251 660 3303; x_wconf 80' lang='lat' dir='ltr'><strong>ap.</strong></span> <span class='ocrx_word' id='word_1_253' title='bbox 679 3235 761 3304; x_wconf 71' lang='lat' dir='ltr'><strong>Aerl</strong></span> <span class='ocrx_word' id='word_1_254' title='bbox 779 3241 814 3289; x_wconf 76' lang='lat'><strong>24</strong></span> <span class='ocrx_word' id='word_1_255' title='bbox 834 3245 855 3314; x_wconf 84' lang='lat' dir='ltr'>q</span> <span class='ocrx_word' id='word_1_256' title='bbox 874 3240 898 3287; x_wconf 92' lang='lat' dir='ltr'>A</span> <span class='ocrx_word' id='word_1_257' title='bbox 915 3235 925 3304; x_wconf 94' lang='grc'><strong>11</strong></span> <span class='ocrx_word' id='word_1_258' title='bbox 958 3234 1036 3307; x_wconf 86' lang='lat' dir='ltr'>non&gt;</span> <span class='ocrx_word' id='word_1_259' title='bbox 1054 3234 1098 3290; x_wconf 85' lang='lat' dir='ltr'><strong>Ro</strong></span> <span class='ocrx_word' id='word_1_260' title='bbox 1111 3237 1121 3305; x_wconf 95' lang='grc'>1</span> <span class='ocrx_word' id='word_1_261' title='bbox 1135 3240 1243 3292; x_wconf 74' lang='lat'>24—25</span> 
     </span>
     <span class='ocr_line' id='line_1_36' title="bbox 275 3304 1242 3386; baseline 0.004 -28"><span class='ocrx_word' id='word_1_262' title='bbox 275 3304 377 3358; x_wconf 87' lang='lat' dir='ltr'><strong>ultima</strong></span> <span class='ocrx_word' id='word_1_263' title='bbox 394 3304 540 3386; x_wconf 78' lang='lat' dir='ltr'><strong>peragitur</strong></span> <span class='ocrx_word' id='word_1_264' title='bbox 558 3323 604 3374; x_wconf 87' lang='lat' dir='ltr'><strong>qu.</strong></span> <span class='ocrx_word' id='word_1_265' title='bbox 623 3307 682 3360; x_wconf 78' lang='lat' dir='ltr'><strong>cdd.</strong></span> <span class='ocrx_word' id='word_1_266' title='bbox 699 3323 717 3360; x_wconf 84' lang='lat' dir='ltr'><strong>a</strong></span> <span class='ocrx_word' id='word_1_267' title='bbox 734 3306 879 3373; x_wconf 68' lang='lat' dir='ltr'><strong>Pithecusa,</strong></span> <span class='ocrx_word' id='word_1_268' title='bbox 898 3306 1000 3360; x_wconf 87' lang='lat' dir='ltr'><strong>ultima</strong></span> <span class='ocrx_word' id='word_1_269' title='bbox 1013 3306 1110 3361; x_wconf 76' lang='lat' dir='ltr'><strong>delicti</strong></span> <span class='ocrx_word' id='word_1_270' title='bbox 1125 3324 1171 3375; x_wconf 87' lang='lat' dir='ltr'><strong>qu.</strong></span> <span class='ocrx_word' id='word_1_271' title='bbox 1187 3307 1242 3374; x_wconf 84' lang='lat' dir='ltr'><strong>Rc,</strong></span> 
     </span>
     <span class='ocr_line' id='line_1_37' title="bbox 274 3373 1242 3500; baseline 0.004 -72"><span class='ocrx_word' id='word_1_272' title='bbox 274 3392 314 3499; x_wconf 62' lang='lat' dir='ltr'><strong>pp</strong></span> <span class='ocrx_word' id='word_1_273' title='bbox 326 3375 450 3500; x_wconf 46' lang='lat' dir='ltr'><strong>{ultreia</strong></span> <span class='ocrx_word' id='word_1_274' title='bbox 468 3373 541 3431; x_wconf 84' lang='lat' dir='ltr'><strong>solet</strong></span> <span class='ocrx_word' id='word_1_275' title='bbox 555 3375 660 3444; x_wconf 85' lang='lat' dir='ltr'><strong>(debet)</strong></span> <span class='ocrx_word' id='word_1_276' title='bbox 676 3375 775 3445; x_wconf 82' lang='lat' dir='ltr'><strong>peragi</strong></span> <span class='ocrx_word' id='word_1_277' title='bbox 793 3393 839 3445; x_wconf 86' lang='lat' dir='ltr'><strong>qu.</strong></span> <span class='ocrx_word' id='word_1_278' title='bbox 855 3375 965 3447; x_wconf 66' lang='grc'>1211127</span> <span class='ocrx_word' id='word_1_279' title='bbox 984 3376 1122 3446; x_wconf 82' lang='lat' dir='ltr'><strong>patetiecs</strong></span> <span class='ocrx_word' id='word_1_280' title='bbox 1140 3381 1172 3446; x_wconf 75' lang='lat' dir='ltr'><strong>A,</strong></span> <span class='ocrx_word' id='word_1_281' title='bbox 1191 3394 1242 3448; x_wconf 89' lang='lat' dir='ltr'><strong>pa-</strong></span> 
     </span>
    </p>

    <p class='ocr_par' dir='ltr' id='par_1_19' title="bbox 310 3445 948 3500">
     <span class='ocr_line' id='line_1_38' title="bbox 310 3445 948 3500; baseline 0 -2"><span class='ocrx_word' id='word_1_282' title='bbox 310 3445 435 3500; x_wconf 76' lang='lat' dir='ltr'><strong>e&#39;cosB</strong></span> <span class='ocrx_word' id='word_1_283' title='bbox 946 3493 948 3498; x_wconf 92' lang='lat'><em>.</em></span> 
     </span>
    </p>
   </div>
   <div class='ocr_carea' id='block_1_8' title="bbox 0 0 1345 3962">
    <p class='ocr_par' dir='ltr' id='par_1_20' title="bbox 0 0 1345 3962">
     <span class='ocr_line' id='line_1_39' title="bbox 0 0 1345 3962; baseline 0 0"><span class='ocrx_word' id='word_1_284' title='bbox 0 0 1345 3962; x_wconf 95' lang='lat' dir='ltr'><strong> </strong></span> 
     </span>
    </p>
   </div>
  </div>
 </body>
</html>
