2670 3962
229 120 292 186 196
593 119 822 186 QUINTILIANI

226 282 338 348 hendit
361 283 455 366 enim,
477 286 646 369 tamquam
670 286 882 367 expectasset
928 282 1035 348 minus
1058 282 1189 367 quidem

226 371 425 436 miserrimos
454 371 540 438 cives
571 371 761 438 confuderat
784 371 880 437 istius
904 375 1068 458 aspectus3
1096 372 1190 456 iugu-

227 461 294 525 lum
322 460 556 526 contumaciter
584 461 754 545 parabant
805 459 1021 544 »iampridem
1050 465 1190 526 mortem

227 549 496 634 contempsimus,
519 570 578 614 nec
601 549 791 615 inimicitias
815 548 968 614 adversus
992 553 1025 614 te
1048 551 1202 635 suscepi:

191 652 313 721 cmus,
350 637 415 703 nisi
450 638 531 702 lucis
568 637 705 703 vilitate.
760 636 884 703 occide:
920 638 1078 723 numquid
1115 639 1189 724 plus

226 725 366 811 potsse«
403 725 475 792 risit
507 726 646 812 animos3
680 726 869 792 et⁸aadhuc
896 726 1044 811 nescitis,
1075 727 1192 813 inquit,

227 817 384 897 quantum
407 835 485 899 opes
508 815 627 881 virium
650 815 811 881 habeant:
839 813 979 881 efficiam
1001 837 1060 881 vos
1083 815 1191 882 mimi·

124 975 129 986 ,
227 923 312 968 cos«.
357 902 444 969 tradi
470 903 600 988 utrique
628 903 775 989 gladium
802 904 894 970 iubet
917 908 951 970 et
973 904 1131 970 custodiri
1153 906 1189 970 in

226 991 333 1074 primo
361 991 485 1076 impetu
518 1014 648 1077 manus3
676 993 767 1058 circa
802 992 933 1079 flagella
966 997 999 1059 et
1030 994 1124 1079 ignes
1157 999 1191 1060 ct

174 1079 332 1144 momnis
360 1081 550 1164 tyrannicae
578 1081 779 1147 crudelitatis
810 1084 996 1166 apparatos.
1049 1086 1190 1167 quantos

227 1167 313 1232 eninr
340 1167 442 1234 fuisse
472 1169 575 1235 credis
598 1175 721 1255 metus,
740 1171 808 1255 qui
832 1170 1020 1255 effecerunt,
1051 1175 1089 1236 ut
1112 1193 1188 1237 oon·

227 1277 353 1322 currere
377 1256 443 1322 illis
468 1258 656 1342 expediret?
696 1281 716 1323 o
745 1258 866 1324 misera
889 1259 1050 1325 condicio!
1070 1281 1189 1346 magna

226 1345 421 1411 necessitate
456 1347 545 1413 victa
581 1348 716 1413 libertas
755 1350 814 1412 est.
862 1352 941 1413 tunc
984 1353 1192 1434 rogaverunt,

227 1433 328 1500 donec
355 1434 418 1500 iste
446 1436 585 1502 crudelis
614 1436 733 1501 lanista
760 1437 982 1522 ›concurrite,
1008 1437 1130 1522 inquit:
1156 1438 1192 1512 iu

175 1537 208 1587 1⁶
228 1523 308 1588 istas
332 1523 521 1591 innocentes
544 1547 659 1589 manus
682 1524 795 1590 venitis
818 1524 1010 1609 prudentes3
1031 1547 1098 1591 non
1117 1548 1193 1592 con·

227 1611 335 1696 tinget
363 1613 588 1679 innocentibus
619 1612 735 1678 mori«.
777 1634 859 1698 quae
887 1613 1082 1679 miserorum
1105 1614 1191 1679 inter

227 1700 324 1765 binos
348 1705 455 1766 metus
479 1701 713 1767 cunctationes!
738 1701 882 1766 occidere
905 1703 1009 1768 coacti
1031 1706 1193 1786 sunteas,

230 1876 320 1942 illius
344 1878 544 1944 coenomia
563 1878 717 1943 narrem?
741 1878 818 1963 quid
838 1879 997 1944 vulnera?
1020 1878 1098 1964 quid
1117 1902 1192 1945 san-

176 1981 211 2031 20
229 1966 383 2050 guinem?
407 1967 483 2052 quid
507 1965 671 2050 gemitus?
702 1969 740 2031 tu
763 1967 881 2032 saltem
903 1967 1037 2032 fortuna
1060 1967 1191 2033 melius:

229 2076 293 2120 uno
317 2059 453 2139 uterque
477 2053 545 2119 fato
570 2054 663 2119 iacet.
694 2059 728 2119 te
751 2059 872 2140 tamen,
896 2056 993 2140 dives,
1015 2057 1193 2142 interrogo,

230 2142 307 2227 quid
330 2143 369 2208 de
392 2143 450 2208 illo
473 2141 620 2207 fecturus
642 2143 754 2227 fueris,
779 2145 834 2229 qui
859 2145 1094 2228 superfuisset?
1130 2145 1192 2210 hoc

230 2235 281 2296 est
302 2253 401 2315 puras
425 2252 541 2295 manus
563 2231 706 2297 habere?
730 2231 792 2299 hoc
810 2232 909 2298 nobis
927 2254 989 2318 pro
1006 2233 1193 2299 innocentia

230 2317 395 2402 imputas?
426 2321 598 2385 nocentem
625 2320 734 2386 fecisti
761 2320 868 2406 ipsam
896 2321 1122 2388 infelicitatem
1151 2325 1192 2404 et,

177 2422 210 2472 25
230 2413 396 2490 tamquam
425 2427 541 2491 parum
560 2412 646 2473 esset
664 2409 793 2493 exigere
807 2432 940 2495 poenas,
963 2409 1123 2494 supplicia
1145 2409 1193 2472 in·

230 2495 375 2578 famasti,
402 2495 436 2560 id
464 2495 601 2582 denique
629 2498 781 2584 coiigisti,
812 2498 899 2583 quod
927 2496 1096 2563 defendero
1125 2517 1192 2561 non

233 2583 429 2669 potuissent,
452 2584 517 2650 nisi
541 2587 654 2652 coacti.
898 2641 905 2650 .

296 2671 415 2738 Iniusti
443 2674 595 2758 supplicii
624 2696 697 2760 ago.
741 2695 806 2739 non
836 2675 886 2738 est
912 2671 994 2736 mihi
1016 2673 1069 2736 lex
1091 2671 1192 2736 inter-

300 2905 317 2952 2
337 2902 501 2970 conspectus
519 2905 540 2953 P
552 2904 562 2971 fl
576 2899 709 2968 ruguld
723 2904 746 2950 A
759 2900 768 2968 {l
782 2903 798 2952 ὃ
818 2898 943 2954 occidere
961 2902 983 2951 B
997 2899 1006 2968 ΙΙ
1021 2905 1036 2954 6
1056 2899 1149 2955 animo
1163 2905 1192 2967 B,

229 2971 314 3036 fort*
332 2970 437 3026 amicos
450 2974 460 3041 ΙΙ
475 2978 490 3027 7
506 2988 575 3041 opus
589 2975 609 3023 B
622 2969 632 3038 ΙΙ
649 2976 681 3024 10
696 2985 792 3024 omnes
806 2973 854 3023 A?
868 2973 877 3041 ΙΙ
892 2972 1042 3041 apparatos
1055 2975 1122 3024 Aac
1135 2972 1145 3041 ΙΙ
1161 2977 1193 3025 13

230 3041 309 3112 tunc]
335 3040 384 3096 diu
408 3042 449 3098 Gr
467 3042 477 3111 11
497 3047 529 3096 15
548 3039 626 3095 initis
645 3044 707 3109 AB,
726 3040 803 3096 mitis
821 3046 855 3109 P,
874 3057 943 3098 cerr.
963 3041 1018 3110 Ro,
1036 3043 1086 3112 qai
1103 3047 1193 3097 tanam

229 3113 309 3168 macic
334 3117 437 3168 14-15
458 3129 492 3168 en
516 3113 584 3166 istas
606 3110 663 3166 inn.
682 3127 782 3166 manus
801 3112 929 3183 polluitis
947 3130 1004 3182 pr.;
1029 3114 1059 3167 et
1076 3113 1146 3170 istas
1164 3111 1195 3166 in

229 3200 267 3238 m.
287 3183 456 3240 committite
473 3199 515 3263 pr.
534 3182 594 3237 cdd.
614 3183 650 3238 ab
667 3183 830 3240 Acrodiccc
848 3185 857 3254 ΙΙ
876 3183 1016 3255 contingit
1032 3187 1057 3236 A
1069 3185 1079 3253 ΙΙ
1094 3189 1126 3239 17
1146 3184 1195 3240 bo·
1266 3239 1271 3250 ,

230 3269 281 3309 nos
299 3257 344 3324 311
358 3254 499 3310 cunctano
517 3268 569 3307 nac
588 3268 645 3309 ooo.
660 3258 717 3326 AB,
736 3271 805 3312 coar.
822 3255 880 3326 Pel
896 3260 930 3310 18
948 3271 1015 3326 ergo
1028 3258 1053 3307 A
1065 3257 1075 3325 ΙΙ
1090 3259 1194 3310 18-19

229 3324 319 3380 tristis
338 3326 363 3379 si
380 3323 485 3380 nullius
498 3327 519 3376 A
533 3323 542 3393 ΙΙ
558 3329 590 3379 19
609 3325 744 3395 temporis
758 3329 816 3394 AB,
835 3343 904 3382 corr.
918 3325 964 3381 Ro
977 3327 986 3395 ΙΙ
1000 3331 1035 3380 24
1053 3327 1136 3396 putas
1150 3329 1172 3378 B
1185 3326 1196 3397 ll

230 3401 264 3450 25
283 3411 445 3466 quanquam
462 3398 482 3446 B
497 3397 506 3464 ll
521 3403 595 3450 esset
613 3399 642 3450 et
661 3399 754 3466 Auno
773 3397 904 3466 idemque
922 3402 942 3450 Β
