<?xml version="1.0" encoding="UTF-8"?>
<!DOCTYPE html PUBLIC "-//W3C//DTD XHTML 1.0 Transitional//EN"
    "http://www.w3.org/TR/xhtml1/DTD/xhtml1-transitional.dtd">
<html xmlns="http://www.w3.org/1999/xhtml" xml:lang="en" lang="en">
 <head>
  <title>
</title>
<meta http-equiv="Content-Type" content="text/html;charset=utf-8" />
  <meta name='ocr-system' content='tesseract 3.04.00' />
  <meta name='ocr-capabilities' content='ocr_page ocr_carea ocr_par ocr_line ocrx_word'/>
</head>
<body>
  <div class='ocr_page' id='page_1' title='image "./mfabiiquintilia02rittgoog_0118.png"; bbox 0 0 2668 3968; ppageno 0'>
   <div class='ocr_carea' id='block_1_1' title="bbox 375 155 1093 224">
    <p class='ocr_par' dir='ltr' id='par_1_1' title="bbox 375 155 1093 224">
     <span class='ocr_line' id='line_1_1' title="bbox 375 155 1093 224; baseline 0.004 -12"><span class='ocrx_word' id='word_1_1' title='bbox 375 155 692 214; x_wconf 70' lang='lat' dir='ltr'>Dncnnnnnlonns</span> <span class='ocrx_word' id='word_1_2' title='bbox 712 157 854 214; x_wconf 75' lang='lat' dir='ltr'>cccxlss.</span> <span class='ocrx_word' id='word_1_3' title='bbox 1052 158 1093 224; x_wconf 79' lang='grc' dir='ltr'>’Π</span> 
     </span>
    </p>
   </div>
   <div class='ocr_carea' id='block_1_2' title="bbox 131 289 1176 425">
    <p class='ocr_par' dir='ltr' id='par_1_2' title="bbox 131 289 1176 425">
     <span class='ocr_line' id='line_1_2' title="bbox 131 289 1176 425; baseline 0.002 -40"><span class='ocrx_word' id='word_1_4' title='bbox 131 341 229 406; x_wconf 86' lang='lat' dir='ltr'>quam</span> <span class='ocrx_word' id='word_1_5' title='bbox 249 341 370 386; x_wconf 81' lang='lat' dir='ltr'>novem</span> <span class='ocrx_word' id='word_1_6' title='bbox 393 321 627 405; x_wconf 85' lang='lat' dir='ltr'>constituisset,</span> <span class='ocrx_word' id='word_1_7' title='bbox 652 322 889 408; x_wconf 83' lang='lat' dir='ltr'>†rogationem</span> <span class='ocrx_word' id='word_1_8' title='bbox 912 322 1095 425; x_wconf 73' lang='lat' dir='ltr'>appetlsret</span> <span class='ocrx_word' id='word_1_9' title='bbox 1172 289 1176 296; x_wconf 23' lang='grc' dir='ltr'>ἱ</span> 
     </span>
    </p>
   </div>
   <div class='ocr_carea' id='block_1_3' title="bbox 129 408 1095 672">
    <p class='ocr_par' dir='ltr' id='par_1_3' title="bbox 129 408 1095 672">
     <span class='ocr_line' id='line_1_3' title="bbox 129 408 1095 496; baseline 0.003 -22"><span class='ocrx_word' id='word_1_10' title='bbox 129 409 169 474; x_wconf 92' lang='lat' dir='ltr'>de</span> <span class='ocrx_word' id='word_1_11' title='bbox 195 408 249 473; x_wconf 84' lang='lat' dir='ltr'>his</span> <span class='ocrx_word' id='word_1_12' title='bbox 276 409 504 475; x_wconf 81' lang='lat' dir='ltr'>tantummodo</span> <span class='ocrx_word' id='word_1_13' title='bbox 537 410 638 475; x_wconf 86' lang='lat' dir='ltr'>latam</span> <span class='ocrx_word' id='word_1_14' title='bbox 677 411 734 494; x_wconf 88' lang='lat' dir='ltr'>qni</span> <span class='ocrx_word' id='word_1_15' title='bbox 760 414 855 475; x_wconf 89' lang='lat' dir='ltr'>erant</span> <span class='ocrx_word' id='word_1_16' title='bbox 885 410 1095 496; x_wconf 85' lang='lat' dir='ltr'>ignominiosi</span> 
     </span>
     <span class='ocr_line' id='line_1_4' title="bbox 129 497 1095 584; baseline 0.003 -22"><span class='ocrx_word' id='word_1_17' title='bbox 129 497 199 562; x_wconf 89' lang='lat' dir='ltr'>illis</span> <span class='ocrx_word' id='word_1_18' title='bbox 221 497 350 562; x_wconf 87' lang='lat' dir='ltr'>remisit</span> <span class='ocrx_word' id='word_1_19' title='bbox 371 497 469 562; x_wconf 88' lang='lat' dir='ltr'>istam</span> <span class='ocrx_word' id='word_1_20' title='bbox 492 498 630 564; x_wconf 83' lang='lat' dir='ltr'>veniam.</span> <span class='ocrx_word' id='word_1_21' title='bbox 657 498 798 564; x_wconf 85' lang='lat' dir='ltr'>fortasse</span> <span class='ocrx_word' id='word_1_22' title='bbox 815 499 871 564; x_wconf 89' lang='lat' dir='ltr'>isti</span> <span class='ocrx_word' id='word_1_23' title='bbox 889 499 1095 584; x_wconf 72' lang='lat' dir='ltr'>placebunt’s</span> 
     </span>
     <span class='ocr_line' id='line_1_5' title="bbox 130 586 1094 672; baseline 0.004 -22"><span class='ocrx_word' id='word_1_24' title='bbox 130 587 160 650; x_wconf 87' lang='lat' dir='ltr'>si</span> <span class='ocrx_word' id='word_1_25' title='bbox 185 587 299 670; x_wconf 87' lang='lat' dir='ltr'>plnres</span> <span class='ocrx_word' id='word_1_26' title='bbox 321 586 497 652; x_wconf 77' lang='lat' dir='ltr'>inciderint</span> <span class='ocrx_word' id='word_1_27' title='bbox 522 588 557 652; x_wconf 90' lang='lat' dir='ltr'>in</span> <span class='ocrx_word' id='word_1_28' title='bbox 579 587 715 653; x_wconf 86' lang='lat' dir='ltr'>eandem</span> <span class='ocrx_word' id='word_1_29' title='bbox 737 591 873 672; x_wconf 85' lang='lat' dir='ltr'>sortem,</span> <span class='ocrx_word' id='word_1_30' title='bbox 901 589 936 652; x_wconf 93' lang='lat' dir='ltr'>in</span> <span class='ocrx_word' id='word_1_31' title='bbox 960 589 1094 654; x_wconf 87' lang='lat' dir='ltr'>eandem</span> 
     </span>
    </p>
   </div>
   <div class='ocr_carea' id='block_1_4' title="bbox 131 673 1129 816">
    <p class='ocr_par' dir='ltr' id='par_1_4' title="bbox 131 673 1129 816">
     <span class='ocr_line' id='line_1_6' title="bbox 131 673 1129 742; baseline 0.003 -3"><span class='ocrx_word' id='word_1_32' title='bbox 131 673 367 740; x_wconf 83' lang='lat' dir='ltr'>condicionem</span> <span class='ocrx_word' id='word_1_33' title='bbox 1113 693 1129 742; x_wconf 76' lang='lat'><strong>5</strong></span> 
     </span>
     <span class='ocr_line' id='line_1_7' title="bbox 461 759 769 816; baseline 0 -1"><span class='ocrx_word' id='word_1_34' title='bbox 461 759 569 816; x_wconf 77' lang='lat' dir='ltr'><strong>PARS</strong></span> <span class='ocrx_word' id='word_1_35' title='bbox 588 759 769 815; x_wconf 75' lang='lat' dir='ltr'><strong>ALTERA.</strong></span> 
     </span>
    </p>
   </div>
   <div class='ocr_carea' id='block_1_5' title="bbox 444 868 785 937">
    <p class='ocr_par' dir='ltr' id='par_1_5' title="bbox 444 868 785 937">
     <span class='ocr_line' id='line_1_8' title="bbox 444 868 785 937; baseline 0.006 -3"><span class='ocrx_word' id='word_1_36' title='bbox 444 868 785 937; x_wconf 80' lang='lat' dir='ltr'><strong>DECLAMATIO.</strong></span> 
     </span>
    </p>
   </div>
   <div class='ocr_carea' id='block_1_6' title="bbox 129 973 1148 2300">
    <p class='ocr_par' dir='ltr' id='par_1_6' title="bbox 129 973 1148 2300">
     <span class='ocr_line' id='line_1_9' title="bbox 196 973 1094 1063; baseline 0.003 -24"><span class='ocrx_word' id='word_1_37' title='bbox 196 973 289 1039; x_wconf 88' lang='lat' dir='ltr'><strong>Idem</strong></span> <span class='ocrx_word' id='word_1_38' title='bbox 316 979 447 1060; x_wconf 88' lang='lat' dir='ltr'>tempus</span> <span class='ocrx_word' id='word_1_39' title='bbox 475 979 527 1040; x_wconf 93' lang='lat' dir='ltr'>est</span> <span class='ocrx_word' id='word_1_40' title='bbox 554 976 755 1061; x_wconf 76' lang='lat' dir='ltr'>ignominiae</span> <span class='ocrx_word' id='word_1_41' title='bbox 776 998 868 1042; x_wconf 85' lang='lat' dir='ltr'>meae</span> <span class='ocrx_word' id='word_1_42' title='bbox 890 982 924 1042; x_wconf 91' lang='lat' dir='ltr'>et</span> <span class='ocrx_word' id='word_1_43' title='bbox 946 981 1094 1063; x_wconf 73' lang='lat' dir='ltr'>receptae</span> 
     </span>
     <span class='ocr_line' id='line_1_10' title="bbox 129 1064 1094 1152; baseline 0.005 -24"><span class='ocrx_word' id='word_1_44' title='bbox 129 1064 324 1149; x_wconf 85' lang='lat' dir='ltr'>rogationis.</span> <span class='ocrx_word' id='word_1_45' title='bbox 369 1085 447 1129; x_wconf 85' lang='lat' dir='ltr'>nem</span> <span class='ocrx_word' id='word_1_46' title='bbox 468 1067 587 1129; x_wconf 87' lang='lat' dir='ltr'>natura</span> <span class='ocrx_word' id='word_1_47' title='bbox 608 1066 699 1149; x_wconf 88' lang='lat' dir='ltr'>prius</span> <span class='ocrx_word' id='word_1_48' title='bbox 723 1068 786 1148; x_wconf 86' lang='lat' dir='ltr'>est,</span> <span class='ocrx_word' id='word_1_49' title='bbox 815 1069 853 1130; x_wconf 90' lang='lat' dir='ltr'>ut</span> <span class='ocrx_word' id='word_1_50' title='bbox 874 1086 936 1152; x_wconf 86' lang='lat' dir='ltr'>ego</span> <span class='ocrx_word' id='word_1_51' title='bbox 957 1088 1026 1133; x_wconf 86' lang='lat' dir='ltr'>non</span> <span class='ocrx_word' id='word_1_52' title='bbox 1047 1072 1094 1132; x_wconf 89' lang='lat' dir='ltr'>tc·</span> 
     </span>
     <span class='ocr_line' id='line_1_11' title="bbox 129 1153 1147 1241; baseline 0.006 -25"><span class='ocrx_word' id='word_1_53' title='bbox 129 1173 237 1237; x_wconf 88' lang='lat' dir='ltr'>neam,</span> <span class='ocrx_word' id='word_1_54' title='bbox 259 1174 359 1237; x_wconf 88' lang='lat' dir='ltr'>qnam</span> <span class='ocrx_word' id='word_1_55' title='bbox 380 1158 419 1219; x_wconf 89' lang='lat' dir='ltr'>ut</span> <span class='ocrx_word' id='word_1_56' title='bbox 440 1157 572 1238; x_wconf 88' lang='lat' dir='ltr'>recepta</span> <span class='ocrx_word' id='word_1_57' title='bbox 593 1153 646 1218; x_wconf 86' lang='lat' dir='ltr'>lex</span> <span class='ocrx_word' id='word_1_58' title='bbox 669 1153 722 1218; x_wconf 82' lang='lat' dir='ltr'>sit</span> <span class='ocrx_word' id='word_1_59' title='bbox 749 1176 827 1219; x_wconf 90' lang='lat' dir='ltr'>nam</span> <span class='ocrx_word' id='word_1_60' title='bbox 846 1155 874 1219; x_wconf 88' lang='lat' dir='ltr'>si</span> <span class='ocrx_word' id='word_1_61' title='bbox 893 1175 953 1241; x_wconf 91' lang='lat' dir='ltr'>ego</span> <span class='ocrx_word' id='word_1_62' title='bbox 972 1156 1094 1222; x_wconf 89' lang='lat' dir='ltr'>tenuis·</span> <span class='ocrx_word' id='word_1_63' title='bbox 1114 1172 1147 1222; x_wconf 86' lang='lat'>10</span> 
     </span>
     <span class='ocr_line' id='line_1_12' title="bbox 131 1241 1094 1326; baseline 0.003 -21"><span class='ocrx_word' id='word_1_64' title='bbox 131 1261 216 1324; x_wconf 88' lang='lat' dir='ltr'>scm,</span> <span class='ocrx_word' id='word_1_65' title='bbox 247 1241 301 1306; x_wconf 85' lang='lat' dir='ltr'>lex</span> <span class='ocrx_word' id='word_1_66' title='bbox 330 1245 462 1326; x_wconf 78' lang='lat' dir='ltr'>recepte</span> <span class='ocrx_word' id='word_1_67' title='bbox 495 1263 563 1307; x_wconf 87' lang='lat' dir='ltr'>non</span> <span class='ocrx_word' id='word_1_68' title='bbox 591 1246 689 1326; x_wconf 81' lang='lat' dir='ltr'>esset3</span> <span class='ocrx_word' id='word_1_69' title='bbox 720 1243 875 1326; x_wconf 84' lang='lat' dir='ltr'>quoniam</span> <span class='ocrx_word' id='word_1_70' title='bbox 902 1264 968 1309; x_wconf 91' lang='lat' dir='ltr'>non</span> <span class='ocrx_word' id='word_1_71' title='bbox 994 1244 1094 1325; x_wconf 87' lang='lat' dir='ltr'>tenui,</span> 
     </span>
     <span class='ocr_line' id='line_1_13' title="bbox 130 1329 1095 1417; baseline 0.003 -23"><span class='ocrx_word' id='word_1_72' title='bbox 130 1333 263 1414; x_wconf 82' lang='lat' dir='ltr'>recepte</span> <span class='ocrx_word' id='word_1_73' title='bbox 290 1330 343 1396; x_wconf 82' lang='lat' dir='ltr'>lex</span> <span class='ocrx_word' id='word_1_74' title='bbox 371 1336 431 1396; x_wconf 88' lang='lat' dir='ltr'>est.</span> <span class='ocrx_word' id='word_1_75' title='bbox 479 1329 582 1415; x_wconf 89' lang='lat' dir='ltr'>igitur</span> <span class='ocrx_word' id='word_1_76' title='bbox 607 1330 791 1416; x_wconf 88' lang='lat' dir='ltr'>ignominia</span> <span class='ocrx_word' id='word_1_77' title='bbox 817 1353 891 1396; x_wconf 88' lang='lat' dir='ltr'>mea</span> <span class='ocrx_word' id='word_1_78' title='bbox 916 1332 1095 1417; x_wconf 78' lang='lat' dir='ltr'>praecessit</span> 
     </span>
     <span class='ocr_line' id='line_1_14' title="bbox 130 1419 1095 1505; baseline 0.001 -23"><span class='ocrx_word' id='word_1_79' title='bbox 130 1421 261 1503; x_wconf 82' lang='lat' dir='ltr'>tempus</span> <span class='ocrx_word' id='word_1_80' title='bbox 290 1419 484 1504; x_wconf 86' lang='lat' dir='ltr'>rogationis.</span> <span class='ocrx_word' id='word_1_81' title='bbox 532 1419 624 1502; x_wconf 89' lang='lat' dir='ltr'>prius</span> <span class='ocrx_word' id='word_1_82' title='bbox 651 1419 737 1505; x_wconf 78' lang='lat' dir='ltr'>apud</span> <span class='ocrx_word' id='word_1_83' title='bbox 764 1420 891 1484; x_wconf 85' lang='lat' dir='ltr'>animos</span> <span class='ocrx_word' id='word_1_84' title='bbox 917 1441 993 1485; x_wconf 85' lang='lat' dir='ltr'>suos</span> <span class='ocrx_word' id='word_1_85' title='bbox 1021 1440 1095 1484; x_wconf 90' lang='lat' dir='ltr'>con·</span> 
     </span>
     <span class='ocr_line' id='line_1_15' title="bbox 130 1507 1095 1593; baseline 0.001 -22"><span class='ocrx_word' id='word_1_86' title='bbox 130 1507 312 1572; x_wconf 84' lang='lat' dir='ltr'>stituerunt</span> <span class='ocrx_word' id='word_1_87' title='bbox 329 1507 489 1591; x_wconf 83' lang='lat' dir='ltr'>homines,</span> <span class='ocrx_word' id='word_1_88' title='bbox 509 1529 577 1574; x_wconf 90' lang='lat' dir='ltr'>non</span> <span class='ocrx_word' id='word_1_89' title='bbox 594 1529 709 1593; x_wconf 87' lang='lat' dir='ltr'>parere</span> <span class='ocrx_word' id='word_1_90' title='bbox 729 1507 976 1574; x_wconf 78' lang='lat' dir='ltr'>contradictioni</span> <span class='ocrx_word' id='word_1_91' title='bbox 994 1529 1095 1591; x_wconf 86' lang='lat' dir='ltr'>meae,</span> 
     </span>
     <span class='ocr_line' id='line_1_16' title="bbox 131 1596 1147 1681; baseline 0.002 -21"><span class='ocrx_word' id='word_1_92' title='bbox 131 1617 230 1680; x_wconf 87' lang='lat' dir='ltr'>quam</span> <span class='ocrx_word' id='word_1_93' title='bbox 269 1596 475 1681; x_wconf 85' lang='lat' dir='ltr'>rogationem</span> <span class='ocrx_word' id='word_1_94' title='bbox 505 1600 706 1680; x_wconf 85' lang='lat' dir='ltr'>receperunt</span> <span class='ocrx_word' id='word_1_95' title='bbox 763 1599 937 1681; x_wconf 82' lang='lat' dir='ltr'>antequem</span> <span class='ocrx_word' id='word_1_96' title='bbox 971 1596 1147 1662; x_wconf 68' lang='lat' dir='ltr'>tabellam</span> 
     </span>
     <span class='ocr_line' id='line_1_17' title="bbox 130 1683 1095 1770; baseline 0 -21"><span class='ocrx_word' id='word_1_97' title='bbox 130 1683 320 1768; x_wconf 86' lang='lat' dir='ltr'>referretur,</span> <span class='ocrx_word' id='word_1_98' title='bbox 347 1688 522 1770; x_wconf 85' lang='lat' dir='ltr'>antequam</span> <span class='ocrx_word' id='word_1_99' title='bbox 555 1688 759 1750; x_wconf 84' lang='lat' dir='ltr'>excuteretur</span> <span class='ocrx_word' id='word_1_100' title='bbox 792 1707 945 1751; x_wconf 86' lang='lat' dir='ltr'>numerus</span> <span class='ocrx_word' id='word_1_101' title='bbox 971 1685 1095 1770; x_wconf 88' lang='lat' dir='ltr'>populi,</span> 
     </span>
     <span class='ocr_line' id='line_1_18' title="bbox 132 1773 1096 1858; baseline 0.001 -20"><span class='ocrx_word' id='word_1_102' title='bbox 132 1793 193 1858; x_wconf 85' lang='lat' dir='ltr'>ego</span> <span class='ocrx_word' id='word_1_103' title='bbox 220 1773 289 1838; x_wconf 87' lang='lat' dir='ltr'>iam</span> <span class='ocrx_word' id='word_1_104' title='bbox 315 1795 383 1839; x_wconf 92' lang='lat' dir='ltr'>non</span> <span class='ocrx_word' id='word_1_105' title='bbox 404 1777 583 1839; x_wconf 86' lang='lat' dir='ltr'>tenueram.</span> <span class='ocrx_word' id='word_1_106' title='bbox 627 1775 757 1858; x_wconf 86' lang='lat' dir='ltr'>rogatio</span> <span class='ocrx_word' id='word_1_107' title='bbox 784 1774 927 1840; x_wconf 89' lang='lat' dir='ltr'>nondum</span> <span class='ocrx_word' id='word_1_108' title='bbox 954 1778 1026 1839; x_wconf 87' lang='lat' dir='ltr'>erat</span> <span class='ocrx_word' id='word_1_109' title='bbox 1048 1796 1096 1839; x_wconf 90' lang='lat' dir='ltr'>re·</span> 
     </span>
     <span class='ocr_line' id='line_1_19' title="bbox 131 1860 1095 1948; baseline 0 -22"><span class='ocrx_word' id='word_1_110' title='bbox 131 1865 242 1947; x_wconf 83' lang='lat' dir='ltr'>cepta,</span> <span class='ocrx_word' id='word_1_111' title='bbox 270 1862 337 1927; x_wconf 91' lang='lat' dir='ltr'>nisi</span> <span class='ocrx_word' id='word_1_112' title='bbox 372 1864 587 1946; x_wconf 86' lang='lat' dir='ltr'>posteaquam</span> <span class='ocrx_word' id='word_1_113' title='bbox 620 1860 842 1928; x_wconf 83' lang='lat' dir='ltr'>dinumeratae</span> <span class='ocrx_word' id='word_1_114' title='bbox 874 1867 950 1927; x_wconf 85' lang='lat' dir='ltr'>sunt</span> <span class='ocrx_word' id='word_1_115' title='bbox 980 1863 1095 1948; x_wconf 81' lang='lat' dir='ltr'>popuii</span> 
     </span>
     <span class='ocr_line' id='line_1_20' title="bbox 132 1950 1093 2036; baseline 0 -20"><span class='ocrx_word' id='word_1_116' title='bbox 132 1950 324 2016; x_wconf 85' lang='lat' dir='ltr'>sententiae.</span> <span class='ocrx_word' id='word_1_117' title='bbox 353 1951 452 2031; x_wconf 87' lang='lat' dir='ltr'>†hoc</span> <span class='ocrx_word' id='word_1_118' title='bbox 475 1969 553 2034; x_wconf 86' lang='lat' dir='ltr'>ergo</span> <span class='ocrx_word' id='word_1_119' title='bbox 576 1951 726 2031; x_wconf 85' lang='lat' dir='ltr'>tenuit†</span> <span class='ocrx_word' id='word_1_120' title='bbox 759 1954 856 2036; x_wconf 88' lang='lat' dir='ltr'>atque</span> <span class='ocrx_word' id='word_1_121' title='bbox 879 1951 1008 2016; x_wconf 86' lang='lat' dir='ltr'>etiamsi</span> <span class='ocrx_word' id='word_1_122' title='bbox 1030 1952 1093 2016; x_wconf 92' lang='lat' dir='ltr'>hoc</span> 
     </span>
     <span class='ocr_line' id='line_1_21' title="bbox 130 2038 1148 2129; baseline 0.003 -26"><span class='ocrx_word' id='word_1_123' title='bbox 130 2041 261 2124; x_wconf 75' lang='lat' dir='ltr'>tempus</span> <span class='ocrx_word' id='word_1_124' title='bbox 302 2038 386 2104; x_wconf 91' lang='lat' dir='ltr'>mihi</span> <span class='ocrx_word' id='word_1_125' title='bbox 420 2061 487 2104; x_wconf 87' lang='lat' dir='ltr'>non</span> <span class='ocrx_word' id='word_1_126' title='bbox 519 2040 702 2104; x_wconf 87' lang='lat' dir='ltr'>remitteret</span> <span class='ocrx_word' id='word_1_127' title='bbox 732 2043 838 2106; x_wconf 87' lang='lat' dir='ltr'>totam</span> <span class='ocrx_word' id='word_1_128' title='bbox 868 2039 1095 2124; x_wconf 79' lang='lat' dir='ltr'>ignominiam,</span> <span class='ocrx_word' id='word_1_129' title='bbox 1113 2056 1148 2129; x_wconf 76' lang='lat'>20</span> 
     </span>
     <span class='ocr_line' id='line_1_22' title="bbox 132 2126 1094 2213; baseline 0.004 -23"><span class='ocrx_word' id='word_1_130' title='bbox 132 2126 185 2191; x_wconf 84' lang='lat' dir='ltr'>lex</span> <span class='ocrx_word' id='word_1_131' title='bbox 216 2130 343 2211; x_wconf 84' lang='lat' dir='ltr'>tamen,</span> <span class='ocrx_word' id='word_1_132' title='bbox 375 2149 457 2213; x_wconf 83' lang='lat' dir='ltr'>quse</span> <span class='ocrx_word' id='word_1_133' title='bbox 483 2126 719 2212; x_wconf 89' lang='lat' dir='ltr'>ignominiosos</span> <span class='ocrx_word' id='word_1_134' title='bbox 746 2149 861 2194; x_wconf 83' lang='lat' dir='ltr'>vacare</span> <span class='ocrx_word' id='word_1_135' title='bbox 894 2129 983 2194; x_wconf 90' lang='lat' dir='ltr'>omni</span> <span class='ocrx_word' id='word_1_136' title='bbox 1014 2132 1094 2194; x_wconf 78' lang='lat' dir='ltr'>note</span> 
     </span>
     <span class='ocr_line' id='line_1_23' title="bbox 131 2215 1094 2300; baseline 0.002 -21"><span class='ocrx_word' id='word_1_137' title='bbox 131 2215 291 2300; x_wconf 79' lang='lat' dir='ltr'>soluerat,</span> <span class='ocrx_word' id='word_1_138' title='bbox 313 2217 485 2282; x_wconf 79' lang='lat' dir='ltr'>remiserat</span> <span class='ocrx_word' id='word_1_139' title='bbox 506 2215 588 2280; x_wconf 91' lang='lat' dir='ltr'>mihi</span> <span class='ocrx_word' id='word_1_140' title='bbox 611 2216 691 2282; x_wconf 81' lang='lat' dir='ltr'>duas</span> <span class='ocrx_word' id='word_1_141' title='bbox 714 2216 789 2281; x_wconf 85' lang='lat' dir='ltr'>illas</span> <span class='ocrx_word' id='word_1_142' title='bbox 812 2217 1094 2282; x_wconf 80' lang='lat' dir='ltr'>contradictiones.</span> 
     </span>
    </p>
   </div>
   <div class='ocr_carea' id='block_1_7' title="bbox 18 2302 1095 2390">
    <p class='ocr_par' dir='ltr' id='par_1_7' title="bbox 18 2302 1095 2390">
     <span class='ocr_line' id='line_1_24' title="bbox 18 2302 1095 2390; baseline 0 -21"><span class='ocrx_word' id='word_1_143' title='bbox 18 2311 19 2314; x_wconf 75' lang='grc'>’</span> <span class='ocrx_word' id='word_1_144' title='bbox 132 2325 199 2369; x_wconf 89' lang='lat' dir='ltr'>non</span> <span class='ocrx_word' id='word_1_145' title='bbox 223 2305 310 2369; x_wconf 84' lang='lat' dir='ltr'>enirn</span> <span class='ocrx_word' id='word_1_146' title='bbox 332 2304 412 2370; x_wconf 84' lang='lat' dir='ltr'>facit</span> <span class='ocrx_word' id='word_1_147' title='bbox 434 2302 650 2390; x_wconf 80' lang='lat' dir='ltr'>ignominiam</span> <span class='ocrx_word' id='word_1_148' title='bbox 672 2305 772 2370; x_wconf 85' lang='lat' dir='ltr'>tertia</span> <span class='ocrx_word' id='word_1_149' title='bbox 789 2305 1015 2389; x_wconf 78' lang='lat' dir='ltr'>contradictio,</span> <span class='ocrx_word' id='word_1_150' title='bbox 1038 2304 1095 2370; x_wconf 88' lang='lat' dir='ltr'>sed</span> 
     </span>
    </p>
   </div>
   <div class='ocr_carea' id='block_1_8' title="bbox 131 2393 1096 3503">
    <p class='ocr_par' dir='ltr' id='par_1_8' title="bbox 131 2393 1094 2480">
     <span class='ocr_line' id='line_1_25' title="bbox 131 2393 1094 2480; baseline 0.001 -22"><span class='ocrx_word' id='word_1_151' title='bbox 131 2396 209 2458; x_wconf 83' lang='lat' dir='ltr'>tres</span> <span class='ocrx_word' id='word_1_152' title='bbox 254 2393 393 2477; x_wconf 86' lang='lat' dir='ltr'>quodsi</span> <span class='ocrx_word' id='word_1_153' title='bbox 424 2393 506 2458; x_wconf 87' lang='lat' dir='ltr'>dnae</span> <span class='ocrx_word' id='word_1_154' title='bbox 533 2393 609 2458; x_wconf 87' lang='lat' dir='ltr'>illae</span> <span class='ocrx_word' id='word_1_155' title='bbox 636 2398 894 2478; x_wconf 83' lang='lat' dir='ltr'>praecesserant,</span> <span class='ocrx_word' id='word_1_156' title='bbox 921 2415 1003 2480; x_wconf 85' lang='lat' dir='ltr'>quse</span> <span class='ocrx_word' id='word_1_157' title='bbox 1026 2416 1094 2459; x_wconf 84' lang='lat' dir='ltr'>ms·</span> 
     </span>
    </p>

    <p class='ocr_par' dir='ltr' id='par_1_9' title="bbox 131 2512 1096 3503">
     <span class='ocr_line' id='line_1_26' title="bbox 204 2512 1094 2584; baseline -0.001 -16"><span class='ocrx_word' id='word_1_158' title='bbox 204 2520 222 2568; x_wconf 80' lang='grc'>3</span> <span class='ocrx_word' id='word_1_159' title='bbox 241 2512 374 2568; x_wconf 86' lang='lat' dir='ltr'>remisitis</span> <span class='ocrx_word' id='word_1_160' title='bbox 391 2517 489 2569; x_wconf 83' lang='lat' dir='ltr'>tam&#39;cn</span> <span class='ocrx_word' id='word_1_161' title='bbox 506 2513 619 2569; x_wconf 83' lang='lat' dir='ltr'>veniam</span> <span class='ocrx_word' id='word_1_162' title='bbox 637 2514 725 2568; x_wconf 80' lang='lat' dir='ltr'>literis</span> <span class='ocrx_word' id='word_1_163' title='bbox 741 2514 779 2568; x_wconf 85' lang='lat' dir='ltr'>tis</span> <span class='ocrx_word' id='word_1_164' title='bbox 796 2515 829 2568; x_wconf 78' lang='lat' dir='ltr'>io</span> <span class='ocrx_word' id='word_1_165' title='bbox 846 2530 902 2569; x_wconf 81' lang='lat' dir='ltr'>ras.</span> <span class='ocrx_word' id='word_1_166' title='bbox 920 2515 1031 2583; x_wconf 59' lang='lat' dir='ltr'>martis</span> <span class='ocrx_word' id='word_1_167' title='bbox 1048 2516 1094 2584; x_wconf 73' lang='grc' dir='ltr'>Δῃ</span> 
     </span>
     <span class='ocr_line' id='line_1_27' title="bbox 133 2583 1093 2666; baseline 0 -28"><span class='ocrx_word' id='word_1_168' title='bbox 133 2590 205 2639; x_wconf 76' lang='grc'>1-4</span> <span class='ocrx_word' id='word_1_169' title='bbox 223 2599 316 2640; x_wconf 77' lang='lat' dir='ltr'>censeo</span> <span class='ocrx_word' id='word_1_170' title='bbox 332 2585 374 2639; x_wconf 80' lang='lat' dir='ltr'>ito</span> <span class='ocrx_word' id='word_1_171' title='bbox 392 2585 555 2656; x_wconf 64' lang='lat' dir='ltr'>corrigendo</span> <span class='ocrx_word' id='word_1_172' title='bbox 572 2585 635 2653; x_wconf 73' lang='lat' dir='ltr'>*qn</span> <span class='ocrx_word' id='word_1_173' title='bbox 655 2601 682 2638; x_wconf 84' lang='lat' dir='ltr'>n</span> <span class='ocrx_word' id='word_1_174' title='bbox 702 2584 814 2638; x_wconf 83' lang='lat' dir='ltr'>constit.</span> <span class='ocrx_word' id='word_1_175' title='bbox 833 2585 905 2666; x_wconf 85' lang='lat' dir='ltr'>[rog.</span> <span class='ocrx_word' id='word_1_176' title='bbox 921 2583 1039 2655; x_wconf 73' lang='lat' dir='ltr'>appell]</span> <span class='ocrx_word' id='word_1_177' title='bbox 1058 2586 1093 2639; x_wconf 86' lang='lat' dir='ltr'>de</span> 
     </span>
     <span class='ocr_line' id='line_1_28' title="bbox 131 2654 1095 2726; baseline 0 -16"><span class='ocrx_word' id='word_1_178' title='bbox 131 2654 161 2710; x_wconf 78' lang='lat' dir='ltr'>in</span> <span class='ocrx_word' id='word_1_179' title='bbox 179 2657 201 2710; x_wconf 91' lang='lat' dir='ltr'>t.</span> <span class='ocrx_word' id='word_1_180' title='bbox 219 2655 322 2722; x_wconf 78' lang='lat' dir='ltr'>latam,</span> <span class='ocrx_word' id='word_1_181' title='bbox 347 2672 373 2724; x_wconf 90' lang='lat' dir='ltr'>q.</span> <span class='ocrx_word' id='word_1_182' title='bbox 392 2671 417 2712; x_wconf 88' lang='lat' dir='ltr'>c.</span> <span class='ocrx_word' id='word_1_183' title='bbox 439 2655 627 2726; x_wconf 80' lang='lat' dir='ltr'>ignominiosi.</span> <span class='ocrx_word' id='word_1_184' title='bbox 664 2654 723 2708; x_wconf 86' lang='lat' dir='ltr'>illis</span> <span class='ocrx_word' id='word_1_185' title='bbox 740 2670 808 2709; x_wconf 89' lang='lat' dir='ltr'>rem.</span> <span class='ocrx_word' id='word_1_186' title='bbox 832 2657 879 2710; x_wconf 84' lang='lat' dir='ltr'>rst.</span> <span class='ocrx_word' id='word_1_187' title='bbox 898 2670 1017 2723; x_wconf 85' lang='lat' dir='ltr'>poenem</span> <span class='ocrx_word' id='word_1_188' title='bbox 1043 2657 1095 2722; x_wconf 77' lang='lat' dir='ltr'>(oct</span> 
     </span>
     <span class='ocr_line' id='line_1_29' title="bbox 132 2724 1094 2796; baseline -0.003 -14"><span class='ocrx_word' id='word_1_189' title='bbox 132 2724 344 2782; x_wconf 86' lang='lat' dir='ltr'>constituerunt</span> <span class='ocrx_word' id='word_1_190' title='bbox 365 2726 496 2796; x_wconf 87' lang='lat' dir='ltr'>veniam).</span> <span class='ocrx_word' id='word_1_191' title='bbox 531 2726 651 2781; x_wconf 81' lang='lat' dir='ltr'>fortasse</span> <span class='ocrx_word' id='word_1_192' title='bbox 673 2725 777 2780; x_wconf 89' lang='lat' dir='ltr'>iterum</span> <span class='ocrx_word' id='word_1_193' title='bbox 799 2725 926 2795; x_wconf 72' lang='lat' dir='ltr'>placebit</span> <span class='ocrx_word' id='word_1_194' title='bbox 949 2726 1001 2794; x_wconf 79' lang='lat' dir='ltr'>(cci</span> <span class='ocrx_word' id='word_1_195' title='bbox 1018 2724 1094 2780; x_wconf 88' lang='lat' dir='ltr'>idem</span> 
     </span>
     <span class='ocr_line' id='line_1_30' title="bbox 132 2796 1095 2868; baseline 0.001 -17"><span class='ocrx_word' id='word_1_196' title='bbox 132 2796 280 2867; x_wconf 74' lang='lat' dir='ltr'>placebit),</span> <span class='ocrx_word' id='word_1_197' title='bbox 298 2797 323 2852; x_wconf 85' lang='lat' dir='ltr'>si</span> <span class='ocrx_word' id='word_1_198' title='bbox 340 2802 398 2862; x_wconf 79' lang='lat' dir='ltr'>etc,</span> <span class='ocrx_word' id='word_1_199' title='bbox 416 2814 482 2852; x_wconf 80' lang='lat' dir='ltr'>oum</span> <span class='ocrx_word' id='word_1_200' title='bbox 499 2798 551 2852; x_wconf 81' lang='lat' dir='ltr'>s&#39;llo</span> <span class='ocrx_word' id='word_1_201' title='bbox 564 2796 741 2868; x_wconf 71' lang='lat' dir='ltr'>rogationem</span> <span class='ocrx_word' id='word_1_202' title='bbox 754 2796 956 2867; x_wconf 63' lang='lat' dir='ltr'>appellaretur</span> <span class='ocrx_word' id='word_1_203' title='bbox 969 2799 1095 2868; x_wconf 68' lang='lat' dir='ltr'>margine</span> 
     </span>
     <span class='ocr_line' id='line_1_31' title="bbox 132 2867 1094 2938; baseline 0 -14"><span class='ocrx_word' id='word_1_204' title='bbox 132 2869 213 2924; x_wconf 71' lang='lat' dir='ltr'>eodo</span> <span class='ocrx_word' id='word_1_205' title='bbox 230 2868 270 2923; x_wconf 82' lang='lat' dir='ltr'>od</span> <span class='ocrx_word' id='word_1_206' title='bbox 281 2867 363 2924; x_wconf 75' lang='lat' dir='ltr'>moa</span> <span class='ocrx_word' id='word_1_207' title='bbox 376 2868 554 2937; x_wconf 75' lang='lat' dir='ltr'>rogationem</span> <span class='ocrx_word' id='word_1_208' title='bbox 571 2867 748 2938; x_wconf 73' lang='lat' dir='ltr'>abrogasset,</span> <span class='ocrx_word' id='word_1_209' title='bbox 766 2884 837 2937; x_wconf 77' lang='lat' dir='ltr'>quoe</span> <span class='ocrx_word' id='word_1_210' title='bbox 854 2883 942 2938; x_wconf 68' lang='lat' dir='ltr'>aspra</span> <span class='ocrx_word' id='word_1_211' title='bbox 959 2869 1026 2938; x_wconf 70' lang='lat' dir='ltr'>lopo,</span> <span class='ocrx_word' id='word_1_212' title='bbox 1045 2870 1094 2924; x_wconf 83' lang='lat' dir='ltr'>ad-</span> 
     </span>
     <span class='ocr_line' id='line_1_32' title="bbox 131 2939 1093 3020; baseline 0.001 -26"><span class='ocrx_word' id='word_1_213' title='bbox 131 2939 342 3008; x_wconf 66' lang='lat' dir='ltr'>cmpressisse</span> <span class='ocrx_word' id='word_1_214' title='bbox 359 2945 385 2994; x_wconf 79' lang='lat' dir='ltr'>et</span> <span class='ocrx_word' id='word_1_215' title='bbox 402 2939 468 2994; x_wconf 74' lang='lat' dir='ltr'>inde</span> <span class='ocrx_word' id='word_1_216' title='bbox 484 2939 552 2994; x_wconf 76' lang='lat' dir='ltr'>citio</span> <span class='ocrx_word' id='word_1_217' title='bbox 569 2939 722 3007; x_wconf 78' lang='lat' dir='ltr'>inrepsisse.</span> <span class='ocrx_word' id='word_1_218' title='bbox 758 2955 828 3020; x_wconf 75' lang='lat' dir='ltr'>quac</span> <span class='ocrx_word' id='word_1_219' title='bbox 854 2941 904 3008; x_wconf 74' lang='lat' dir='ltr'>qui</span> <span class='ocrx_word' id='word_1_220' title='bbox 926 2940 1093 3008; x_wconf 79' lang='lat' dir='ltr'>persuadere</span> 
     </span>
     <span class='ocr_line' id='line_1_33' title="bbox 132 3009 1095 3080; baseline 0 -16"><span class='ocrx_word' id='word_1_221' title='bbox 132 3010 457 3079; x_wconf 66' lang='lat' dir='ltr'>abincopotcriticoot:</span> <span class='ocrx_word' id='word_1_222' title='bbox 467 3009 856 3078; x_wconf 80' lang='lat' dir='ltr'>constituisset:rogatronem</span> <span class='ocrx_word' id='word_1_223' title='bbox 865 3012 1095 3080; x_wconf 76' lang='lat' dir='ltr'>accepemntetc,</span> 
     </span>
     <span class='ocr_line' id='line_1_34' title="bbox 137 3078 1095 3154; baseline -0.001 -19"><span class='ocrx_word' id='word_1_224' title='bbox 137 3078 344 3135; x_wconf 84' lang='lat' dir='ltr'>constituisset:</span> <span class='ocrx_word' id='word_1_225' title='bbox 362 3079 477 3154; x_wconf 77' lang='lat' dir='ltr'>(nnnc)</span> <span class='ocrx_word' id='word_1_226' title='bbox 486 3097 545 3152; x_wconf 90' lang='lat' dir='ltr'>rog.</span> <span class='ocrx_word' id='word_1_227' title='bbox 558 3079 716 3149; x_wconf 73' lang='lat' dir='ltr'>appellarat</span> <span class='ocrx_word' id='word_1_228' title='bbox 724 3079 778 3146; x_wconf 85' lang='lat' dir='ltr'>Ro,</span> <span class='ocrx_word' id='word_1_229' title='bbox 796 3096 855 3148; x_wconf 88' lang='lat' dir='ltr'>rog.</span> <span class='ocrx_word' id='word_1_230' title='bbox 867 3079 1034 3150; x_wconf 73' lang='lat' dir='ltr'>approbavit</span> <span class='ocrx_word' id='word_1_231' title='bbox 1044 3079 1095 3145; x_wconf 81' lang='lat' dir='ltr'>Gr,</span> 
     </span>
     <span class='ocr_line' id='line_1_35' title="bbox 133 3149 1096 3291; baseline 0 -16"><span class='ocrx_word' id='word_1_232' title='bbox 133 3149 306 3276; x_wconf 64' lang='lat' dir='ltr'>rnen</span> <span class='ocrx_word' id='word_1_233' title='bbox 316 3151 504 3291; x_wconf 68' lang='lat' dir='ltr'>„ccccc</span> <span class='ocrx_word' id='word_1_234' title='bbox 515 3151 595 3276; x_wconf 71' lang='lat' dir='ltr'>n*</span> <span class='ocrx_word' id='word_1_235' title='bbox 609 3149 796 3274; x_wconf 55' lang='lat' dir='ltr'>{titii</span> <span class='ocrx_word' id='word_1_236' title='bbox 804 3165 998 3289; x_wconf 61' lang='lat' dir='ltr'>⁸¹¹t¹¹¹t¹²¹</span> <span class='ocrx_word' id='word_1_237' title='bbox 1014 3151 1073 3275; x_wconf 48' lang='grc' dir='ltr'>ἐξ</span> <span class='ocrx_word' id='word_1_238' title='bbox 1077 3151 1096 3275; x_wconf 58' lang='lat'>1¹¹</span> 
     </span>
     <span class='ocr_line' id='line_1_36' title="bbox 134 3290 1095 3364; baseline 0.001 -18"><span class='ocrx_word' id='word_1_239' title='bbox 134 3293 228 3348; x_wconf 79' lang='lat' dir='ltr'>imea</span> <span class='ocrx_word' id='word_1_240' title='bbox 245 3295 371 3362; x_wconf 56' lang='lat' dir='ltr'>cordat</span> <span class='ocrx_word' id='word_1_241' title='bbox 387 3298 419 3347; x_wconf 82' lang='lat'>12</span> <span class='ocrx_word' id='word_1_242' title='bbox 437 3293 526 3364; x_wconf 85' lang='lat' dir='ltr'>igitur</span> <span class='ocrx_word' id='word_1_243' title='bbox 543 3290 658 3347; x_wconf 82' lang='lat' dir='ltr'>nomina</span> <span class='ocrx_word' id='word_1_244' title='bbox 674 3293 695 3343; x_wconf 76' lang='lat' dir='ltr'>B</span> <span class='ocrx_word' id='word_1_245' title='bbox 709 3292 718 3360; x_wconf 75' lang='grc' dir='ltr'>ΙΙ</span> <span class='ocrx_word' id='word_1_246' title='bbox 734 3295 767 3344; x_wconf 80' lang='grc'>13</span> <span class='ocrx_word' id='word_1_247' title='bbox 786 3291 984 3346; x_wconf 83' lang='lat' dir='ltr'>constituerint</span> <span class='ocrx_word' id='word_1_248' title='bbox 1002 3295 1047 3361; x_wconf 71' lang='grc' dir='ltr'>ΔΙ</span> <span class='ocrx_word' id='word_1_249' title='bbox 1063 3298 1095 3347; x_wconf 77' lang='lat'>1⁹</span> 
     </span>
     <span class='ocr_line' id='line_1_37' title="bbox 138 3360 1095 3434; baseline -0.001 -16"><span class='ocrx_word' id='word_1_250' title='bbox 138 3363 176 3418; x_wconf 78' lang='lat' dir='ltr'>ed</span> <span class='ocrx_word' id='word_1_251' title='bbox 193 3368 306 3432; x_wconf 71' lang='lat' dir='ltr'>quael</span> <span class='ocrx_word' id='word_1_252' title='bbox 333 3365 343 3434; x_wconf 78' lang='grc' dir='ltr'>Ι</span> <span class='ocrx_word' id='word_1_253' title='bbox 370 3369 403 3418; x_wconf 78' lang='lat'>21</span> <span class='ocrx_word' id='word_1_254' title='bbox 424 3382 469 3432; x_wconf 89' lang='lat' dir='ltr'>qn.</span> <span class='ocrx_word' id='word_1_255' title='bbox 488 3361 682 3434; x_wconf 77' lang='lat' dir='ltr'>ignominiosis</span> <span class='ocrx_word' id='word_1_256' title='bbox 702 3360 777 3416; x_wconf 87' lang='lat' dir='ltr'>demi</span> <span class='ocrx_word' id='word_1_257' title='bbox 795 3363 892 3416; x_wconf 85' lang='lat' dir='ltr'>notam</span> <span class='ocrx_word' id='word_1_258' title='bbox 911 3362 1006 3418; x_wconf 74' lang='lat' dir='ltr'>vcia</span> <span class='ocrx_word' id='word_1_259' title='bbox 1028 3366 1039 3432; x_wconf 69' lang='grc' dir='ltr'><strong>ῃ</strong></span> <span class='ocrx_word' id='word_1_260' title='bbox 1061 3367 1095 3417; x_wconf 74' lang='lat'>23</span> 
     </span>
     <span class='ocr_line' id='line_1_38' title="bbox 134 3433 459 3503; baseline 0 -16"><span class='ocrx_word' id='word_1_261' title='bbox 134 3433 203 3489; x_wconf 87' lang='lat' dir='ltr'>fecit</span> <span class='ocrx_word' id='word_1_262' title='bbox 219 3438 240 3487; x_wconf 70' lang='lat' dir='ltr'>B</span> <span class='ocrx_word' id='word_1_263' title='bbox 254 3436 264 3503; x_wconf 70' lang='lat' dir='ltr'>fl</span> <span class='ocrx_word' id='word_1_264' title='bbox 277 3440 313 3489; x_wconf 75' lang='lat'>24</span> <span class='ocrx_word' id='word_1_265' title='bbox 331 3450 402 3490; x_wconf 80' lang='lat' dir='ltr'>osee</span> <span class='ocrx_word' id='word_1_266' title='bbox 418 3438 459 3487; x_wconf 73' lang='lat' dir='ltr'>Aa</span> 
     </span>
    </p>
   </div>
   <div class='ocr_carea' id='block_1_9' title="bbox 0 0 1344 3968">
    <p class='ocr_par' dir='ltr' id='par_1_10' title="bbox 0 0 1344 3968">
     <span class='ocr_line' id='line_1_39' title="bbox 0 0 1344 3968; baseline 0 0"><span class='ocrx_word' id='word_1_267' title='bbox 0 0 1344 3968; x_wconf 95' lang='lat' dir='ltr'> </span> 
     </span>
    </p>
   </div>
  </div>
 </body>
</html>
