2682 3956
602 159 830 228 dommum

638 374 800 442 GGGLX.

383 499 448 568 Lis
471 499 515 568 do
538 499 685 568 dotibus
708 515 834 570 soerus
858 500 897 568 ot
918 517 1047 568 nurus.

236 643 352 711 Psnu
385 660 493 710 mlo
524 659 631 709 no'fls
662 660 860 708 musmo.
915 641 1080 720 Quaedam
1112 641 1201 726 opud

327 733 433 798 filium
454 732 575 797 amisso
597 731 668 797 viro
692 732 802 798 dotem
825 731 967 816 reliquit
1011 729 1201 796 sdulesoens

203 838 219 889 5
328 822 427 887 dueta
448 841 549 886 uxore
572 821 688 885 dotato
709 820 857 885 deoessit.
888 840 940 885 res
962 817 1115 885 solvendo
1133 839 1203 883 non

328 913 387 976 est.
426 908 627 974 contendunt
649 929 761 974 socrus
784 911 818 974 et
833 929 945 993 nurus,
966 911 1042 972 utre
1057 907 1203 991 primum

331 999 440 1064 dotem
464 997 609 1081 accipiet.

633 1169 808 1238 SERMO.

306 1297 479 1364 Mulierem
506 1296 599 1364 illem
627 1318 756 1364 socrum
782 1319 884 1363 nurus
910 1297 997 1363 dicet
1023 1296 1108 1362 huno
1135 1298 1203 1363 rui-

187 1403 222 1454 10
239 1410 317 1455 nem
344 1385 534 1474 patrimonii
561 1389 799 1470 postmortem
826 1386 889 1451 viri
912 1385 1026 1451 stetim
1049 1385 1204 1452 semisse:

239 1499 307 1544 non
336 1476 513 1561 sumpsisse
540 1474 663 1558 dotem,
691 1497 733 1540 ne
761 1480 795 1539 et
815 1475 920 1539 filium
943 1473 1147 1540 decoloraret
1169 1479 1204 1541 et

241 1566 353 1632 dotem
376 1584 504 1650 quoque
528 1562 683 1647 perderet.
719 1563 832 1647 itaque
850 1564 948 1629 etiem
967 1563 1115 1629 dotatum
1132 1563 1203 1629 filio
1330 1563 1331 1628 ἰ

242 1653 408 1740 quaesisse
431 1673 573 1735 uxorem,
596 1673 660 1736 quo
683 1651 812 1718 facilius
830 1657 943 1737 posset
960 1651 1086 1717 ruentis
1103 1652 1205 1736 putri·

241 1742 343 1809 monii
365 1741 527 1806 rationem
549 1739 671 1806 fulcire.
720 1739 830 1823 addet,
859 1740 997 1806 donasse
1019 1739 1110 1806 illem
1132 1739 1204 1806 fflio

189 1846 223 1897 15
241 1827 572 1984 pptitionomfbhpdie
591 1829 667 1913 quie
685 1827 912 1913 deeess<er>it,
930 1833 1116 1894 retraetare.
1140 1827 1204 1895 Sed

242 1941 260 1985 e
298 1939 441 2004 praesen
466 1940 485 1982 e

554 2092 892 2160 DECLAMATIO.

310 2217 388 2287 Sero
416 2219 515 2304 petis,
543 2222 576 2284 et
605 2218 693 2284 eliud
716 2217 950 2302 patrimonium
974 2221 1032 2284 est.
1064 2222 1102 2284 tu
1126 2219 1204 2285 dum

241 2309 336 2376 heres
364 2307 474 2374 meriti
503 2307 553 2373 tui
576 2312 660 2392 eret,
688 2307 798 2372 efilio
821 2312 932 2392 petere
955 2306 1110 2373 debuisti:
1141 2329 1204 2394 ego
1325 2312 1331 2368 t

188 2412 224 2463 20
242 2419 282 2464 ex
317 2397 412 2463 bonis
444 2396 555 2461 meriti
588 2396 652 2461 mei
684 2399 805 2480 repeto.
859 2417 936 2462 nam
968 2397 1051 2462 duee
1080 2401 1206 2462 mortes

241 2487 435 2553 meritorum
458 2484 601 2550 diverses
625 2485 844 2551 suooessiones
866 2483 998 2551 h'abent.
1030 2485 1117 2550 bone
1136 2507 1205 2550 ma-

241 2576 298 2642 riti
338 2574 404 2641 mei
434 2576 541 2638 morte
582 2574 651 2639 eius
687 2573 775 2639 fecte
816 2577 909 2638 sunt:
960 2573 1035 2638 dum
1071 2574 1206 2657 viveret,

240 2662 344 2751 petris
367 2661 507 2728 fuerunt.
552 2660 621 2727 Dos
645 2666 709 2747 est,
738 2661 767 2727 si
795 2685 815 2726 a
842 2663 923 2727 viro
940 2665 997 2727 eut
1019 2662 1060 2727 eb
1084 2662 1205 2727 herede

242 2752 312 2818 eius
335 2754 517 2837 repetetur:
539 2754 577 2816 tu
601 2751 722 2815 omisso
744 2749 815 2815 viro
839 2771 913 2815 eum
937 2751 1045 2816 dotem
1064 2771 1132 2817 non
1149 2773 1205 2836 pe·

189 2854 224 2906 25
243 2841 324 2924 riuti,
346 2839 453 2905 feoisti
476 2839 635 2905 creditum
658 2859 696 2903 ex
721 2838 805 2903 dote.

313 3048 516 3107 tsolvendo
535 3054 559 3103 Α
575 3052 616 3120 fle
635 3049 743 3119 primus
762 3050 809 3118 ΔΙΙ
832 3054 867 3104 14
884 3047 993 3104 fulcio
1012 3051 1059 3118 Au
1074 3053 1106 3102 15
1127 3047 1207 3118 quie]
1328 3071 1329 3074 ¹

241 3138 275 3247 pr
291 3124 370 3174 Μ’
393 3123 403 3191 Η
425 3120 568 3177 'decessit
585 3125 616 3187 Α,
635 3136 686 3175 om.
704 3121 749 3189 ΒΙΙ
773 3126 806 3175 16
824 3125 858 3166 U
877 3120 910 3174 in
927 3136 1014 3190 morp.
1033 3119 1080 3188 ΑΕ
1103 3123 1136 3173 18
1156 3117 1208 3173 du-

261 3209 309 3247 um
328 3195 369 3246 Ae
387 3197 412 3248 et
429 3193 488 3249 edd.
502 3194 513 3262 Ι
526 3198 562 3247 24
580 3192 694 3261 potetur
711 3195 752 3245 As
765 3192 821 3260 1126
842 3189 904 3246 dos
922 3195 945 3242 Δ
