2682 3956
398 136 712 194 DECLAMATIONES.
732 136 841 194 COOLI.
1028 136 1093 202 381

136 301 263 384 patriae
282 321 415 388 gravem
435 301 638 366 servitutem:
662 299 819 385 quaedam
839 321 873 364 se
892 301 1097 384 comperisse.

134 388 194 456 has
226 391 295 456 eius
328 411 423 457 voees
451 390 651 476 frequentes,
682 411 756 454 oum
782 387 866 453 forte
894 389 1007 454 eadem
1033 389 1097 454 iter

135 479 271 564 faceret,
298 478 339 543 ad
367 478 501 546 divitem
532 477 688 564 perlatas3
726 480 759 542 et
789 476 940 562 protinus
971 481 1098 544 motum

136 570 199 635 tali
226 589 355 633 rumore
382 567 500 634 esitius
529 566 651 652 aliquid
679 587 718 631 ex
744 566 816 650 ipso
839 565 981 632 voluisse
1006 566 1097 649 seire,

134 658 291 743 'quidnam
323 655 397 721 exul
433 657 632 740 loqueretur:
667 677 708 720 an
746 677 837 719 arma
869 653 979 740 aliqua
1010 653 1131 742 apudt

135 767 219 831 eum,
245 768 287 810 an
306 745 446 834 vestigia
466 745 584 810 saltem
602 743 782 830 tyrannidis
800 743 936 846 reperiri
956 745 1097 832 possent.

138 834 201 900 sibi
230 840 357 920 quo'que
387 834 514 899 exulem
538 834 671 916 dixisse,
705 853 856 920 apparari
878 832 1096 918 tyrannidem,

137 924 193 990 sed
220 923 304 990 nihil
330 926 559 1007 praeterquam
586 921 699 988 inania
724 921 824 987 verba
852 943 886 986 se
916 921 1001 1008 apud
1024 943 1098 988 eum

137 1010 345 1097 o'omperiss'e3
374 1011 468 1076 illum
493 1013 601 1076 autem
624 1009 687 1076 hoo
709 1010 781 1096 ipso
806 1031 989 1097 accensum,
1013 1010 1098 1096 quod

136 1101 259 1167 fabulis
287 1100 354 1165 suis
382 1099 542 1166 iudicaret
568 1099 667 1164 etiam
691 1121 710 1165 a
733 1098 832 1165 divite
854 1098 970 1164 haberi
992 1099 1098 1183 fidem,
1117 1115 1151 1165 10

136 1212 204 1255 non
226 1188 400 1274 distulisse,
424 1188 509 1274 quod
533 1187 589 1253 diu
612 1188 801 1272 cogitasset:
833 1188 961 1253 misisse
985 1189 1026 1254 ad
1050 1210 1097 1254 se·

136 1280 251 1342 netum
278 1277 388 1342 indioii
415 1277 599 1364 epistolam.
645 1276 684 1341 ad
712 1277 863 1341 nuntium
886 1280 955 1342 tam
979 1277 1098 1343 atrocis

136 1365 186 1432 rei
208 1366 348 1431 attonito
369 1366 521 1432 universo
545 1369 660 1430 senatu
677 1363 810 1430 divitem
828 1365 999 1449 indicasse,
1022 1365 1099 1450 quid

139 1455 209 1538 ipse
229 1455 450 1540 somperissee,
468 1452 739 1538 quemadmodum
758 1453 822 1520 sibi
839 1475 967 1538 quoque
987 1454 1099 1522 eedem

140 1542 369 1607 denuntiasset.
420 1543 622 1611 intellexisse
649 1564 768 1610 vanam
795 1542 899 1625 illius,
927 1543 996 1607 sine
1022 1541 1099 1607 ullis
1118 1555 1152 1606 lo

138 1631 353 1718 argumentis,
375 1653 501 1715 vooem3
528 1633 639 1718 itaque
662 1631 791 1716 dixisse,
812 1630 895 1695 nihil
919 1631 1001 1696 seire
1025 1652 1099 1698 exu-

138 1720 217 1788 lem:
247 1741 445 1804 supervaouo
476 1719 630 1788 revocari.
677 1722 801 1784 eeteros
824 1722 948 1802 autem,
977 1720 1100 1804 quiet

137 1808 237 1876 toniti
262 1817 364 1892 erent,
387 1809 576 1894 decrevisse,
599 1810 683 1873 tanti
703 1830 770 1873 non
793 1829 863 1874 esse
882 1809 978 1874 unius
997 1808 1100 1873 exulis

136 1899 292 1982 reditum,
324 1901 361 1962 ut
393 1898 514 1962 diutius
547 1898 607 1964 tali
639 1902 728 1964 metu
762 1895 905 1962 sollicita
936 1900 1102 1963 teneretur

138 1986 261 2052 civitas.
303 1987 366 2051 hoe
392 1987 559 2052 decretum
583 1990 714 2052 senatus
737 2009 803 2054 non
827 1986 976 2052 omnibus
999 1985 1099 2051 fuisse
1119 2000 1154 2051 eo

138 2079 252 2139 notum
276 2075 462 2140 —etenim
490 2075 702 2140 festinatione
731 2097 858 2162 quoque
885 2076 920 2138 in
943 2074 1102 2140 eiusmodi

140 2167 230 2226 metu
268 2163 476 2248 praecipitari
506 2163 610 2228 solere
645 2165 755 2229 omnia
784 2187 838 2226 -ε
868 2164 975 2246 legem
1001 2164 1102 2246 illam,

140 2271 223 2334 quae
261 2250 387 2315 exulem
422 2252 510 2314 intra
546 2252 627 2316 lines
663 2251 790 2315 iuberet
827 2250 943 2334 occidi,
979 2251 1101 2315 nemini

139 2337 242 2402 fuisse
269 2339 424 2424 ignotam.
471 2359 544 2402 eum
571 2339 687 2424 igitur,
719 2340 774 2423 qui
800 2339 921 2403 multos
950 2338 1101 2404 inimioos

139 2425 290 2510 haberet,
325 2448 391 2491 non
424 2427 574 2492 omnibus
608 2426 735 2492 decreto
768 2431 912 2510 senatus,
951 2427 1101 2492 omnibus
1121 2442 1155 2492 eo

140 2516 210 2580 iure
233 2515 335 2580 exulis
362 2519 450 2600 note,
474 2515 561 2580 intra
584 2516 665 2584 fines
689 2516 838 2600 occisum,
860 2537 927 2580 non
950 2537 1021 2580 esse
1044 2516 1102 2580 mi-

142 2604 288 2670 randum.
390 2640 394 2651 ·

206 2691 347 2758 Multum
368 2692 502 2758 adiuvat
520 2694 556 2757 in
574 2691 763 2758 defensione
782 2713 940 2776 personae
957 2691 1103 2776 divitem,

141 2781 227 2864 quod
248 2785 299 2846 est
316 2781 456 2867 intege13
474 2782 509 2848 in
528 2804 593 2867 qua
610 2784 704 2866 parte
723 2782 823 2847 etiam
837 2781 971 2867 gloriari
985 2785 1103 2867 potest,

142 2870 180 2932 ut
204 2867 299 2954 dieat,
322 2891 356 2934 se
380 2871 486 2938 odisse
510 2871 611 2936 etiam
634 2871 742 2936 aliena
765 2871 893 2937 seelera.
1121 2885 1156 2934 eo

216 3047 230 3096 1
252 3042 387 3098 servitute
406 3047 427 3096 B
450 3045 459 3114 l
482 3050 498 3098 2
521 3043 682 3114 frequenter
705 3050 726 3099 11
748 3048 758 3116 l
780 3045 904 3104 eadem
928 3048 952 3100 Δ
973 3046 983 3114 l
1005 3050 1021 3098 3
1041 3060 1104 3112 pro-

142 3113 216 3168 latas
235 3113 362 3182 Blt--t
381 3115 470 3196 [apud
489 3116 565 3186 eum]
585 3115 652 3186 Rol
671 3123 686 3170 'l
706 3116 835 3186 apparati
854 3117 947 3184 Ml
966 3121 998 3168 11
1018 3114 1104 3168 distu-

142 3184 261 3244 lisset!
288 3187 298 3254 l
324 3183 446 3243 misisset
463 3188 561 3256 Ml
585 3191 617 3242 12
636 3185 763 3241 indicii
780 3190 805 3241 Δ
821 3188 832 3256 ΙΙ
855 3191 888 3242 15
907 3186 970 3242 sinu
988 3190 1012 3237 A
1037 3186 1047 3256 l}
1071 3190 1103 3240 19

143 3254 240 3310 divitis
258 3260 279 3308 Ρ
299 3257 310 3326 l
333 3261 366 3310 21
386 3255 596 3314 festinationem
615 3258 660 3326 ll
679 3263 713 3311 22
733 3255 913 3328 praecipitari
931 3256 1009 3312 modi
1026 3259 1104 3312 metu

144 3325 324 3394 praecipitari
343 3331 383 3380 Aa

1241 3332 1244 3336 ,
1321 3222 1324 3320 l
