<?xml version="1.0" encoding="UTF-8"?>
<!DOCTYPE html PUBLIC "-//W3C//DTD XHTML 1.0 Transitional//EN"
    "http://www.w3.org/TR/xhtml1/DTD/xhtml1-transitional.dtd">
<html xmlns="http://www.w3.org/1999/xhtml" xml:lang="en" lang="en">
 <head>
  <title>
</title>
<meta http-equiv="Content-Type" content="text/html;charset=utf-8" />
  <meta name='ocr-system' content='tesseract 3.04.00' />
  <meta name='ocr-capabilities' content='ocr_page ocr_carea ocr_par ocr_line ocrx_word'/>
</head>
<body>
  <div class='ocr_page' id='page_1' title='image "./mfabiiquintilia02rittgoog_0030.png"; bbox 0 0 2640 3968; ppageno 0'>
   <div class='ocr_carea' id='block_1_1' title="bbox 511 158 1102 218">
    <p class='ocr_par' dir='ltr' id='par_1_1' title="bbox 511 158 1102 218">
     <span class='ocr_line' id='line_1_1' title="bbox 511 158 1102 218; baseline 0.007 -4"><span class='ocrx_word' id='word_1_1' title='bbox 511 158 726 218; x_wconf 72' lang='lat' dir='ltr'><strong>PRAEFATIO.</strong></span> <span class='ocrx_word' id='word_1_2' title='bbox 1037 163 1102 218; x_wconf 87' lang='lat' dir='ltr'>XIX</span> 
     </span>
    </p>
   </div>
   <div class='ocr_carea' id='block_1_2' title="bbox 129 307 1103 2542">
    <p class='ocr_par' dir='ltr' id='par_1_2' title="bbox 133 307 1103 1562">
     <span class='ocr_line' id='line_1_2' title="bbox 135 307 1102 388; baseline 0.006 -20"><span class='ocrx_word' id='word_1_3' title='bbox 135 307 260 383; x_wconf 87' lang='lat' dir='ltr'>mensis;</span> <span class='ocrx_word' id='word_1_4' title='bbox 281 353 289 370; x_wconf 93' lang='lat'><strong>.</strong></span> <span class='ocrx_word' id='word_1_5' title='bbox 304 354 312 370; x_wconf 91' lang='lat'><strong>.</strong></span> <span class='ocrx_word' id='word_1_6' title='bbox 330 308 451 370; x_wconf 87' lang='lat' dir='ltr'>Tertius</span> <span class='ocrx_word' id='word_1_7' title='bbox 466 355 474 371; x_wconf 90' lang='lat'><strong>.</strong></span> <span class='ocrx_word' id='word_1_8' title='bbox 488 355 495 369; x_wconf 91' lang='lat'><strong>.</strong></span> <span class='ocrx_word' id='word_1_9' title='bbox 510 309 600 370; x_wconf 85' lang='lat' dir='ltr'>litere</span> <span class='ocrx_word' id='word_1_10' title='bbox 613 314 679 370; x_wconf 85' lang='lat' dir='ltr'>eret</span> <span class='ocrx_word' id='word_1_11' title='bbox 693 310 798 384; x_wconf 81' lang='lat' dir='ltr'>eedem</span> <span class='ocrx_word' id='word_1_12' title='bbox 813 329 979 388; x_wconf 85' lang='lat' dir='ltr'>querneus.</span> <span class='ocrx_word' id='word_1_13' title='bbox 1012 313 1102 374; x_wconf 86' lang='lat' dir='ltr'>Prec-</span> 
     </span>
     <span class='ocr_line' id='line_1_3' title="bbox 137 407 1102 487; baseline 0.005 -20"><span class='ocrx_word' id='word_1_14' title='bbox 137 411 222 467; x_wconf 84' lang='lat' dir='ltr'>terec</span> <span class='ocrx_word' id='word_1_15' title='bbox 236 425 308 468; x_wconf 85' lang='lat' dir='ltr'>vero</span> <span class='ocrx_word' id='word_1_16' title='bbox 326 425 425 483; x_wconf 86' lang='lat' dir='ltr'>neque</span> <span class='ocrx_word' id='word_1_17' title='bbox 444 407 636 468; x_wconf 78' lang='lat' dir='ltr'>librariorum</span> <span class='ocrx_word' id='word_1_18' title='bbox 654 427 752 486; x_wconf 92' lang='lat' dir='ltr'>neque</span> <span class='ocrx_word' id='word_1_19' title='bbox 771 409 926 470; x_wconf 88' lang='lat' dir='ltr'>doctorum</span> <span class='ocrx_word' id='word_1_20' title='bbox 940 411 1102 487; x_wconf 83' lang='lat' dir='ltr'>hominum,</span> 
     </span>
     <span class='ocr_line' id='line_1_4' title="bbox 135 505 1103 583; baseline 0.002 -17"><span class='ocrx_word' id='word_1_21' title='bbox 135 507 189 582; x_wconf 87' lang='lat' dir='ltr'>qui</span> <span class='ocrx_word' id='word_1_22' title='bbox 210 523 291 582; x_wconf 83' lang='lat' dir='ltr'>nunc</span> <span class='ocrx_word' id='word_1_23' title='bbox 317 505 431 566; x_wconf 73' lang='lat' dir='ltr'>Romae</span> <span class='ocrx_word' id='word_1_24' title='bbox 459 507 543 583; x_wconf 87' lang='lat' dir='ltr'>sunt,</span> <span class='ocrx_word' id='word_1_25' title='bbox 569 506 727 582; x_wconf 85' lang='lat' dir='ltr'>respondit</span> <span class='ocrx_word' id='word_1_26' title='bbox 753 507 913 583; x_wconf 75' lang='lat' dir='ltr'>quisquam</span> <span class='ocrx_word' id='word_1_27' title='bbox 940 507 998 568; x_wconf 82' lang='lat' dir='ltr'>sibi</span> <span class='ocrx_word' id='word_1_28' title='bbox 1024 509 1103 569; x_wconf 88' lang='lat' dir='ltr'>hunc</span> 
     </span>
     <span class='ocr_line' id='line_1_5' title="bbox 137 603 1102 682; baseline 0.002 -18"><span class='ocrx_word' id='word_1_29' title='bbox 137 605 250 666; x_wconf 88' lang='lat' dir='ltr'>librum</span> <span class='ocrx_word' id='word_1_30' title='bbox 262 607 335 664; x_wconf 86' lang='lat' dir='ltr'>ente</span> <span class='ocrx_word' id='word_1_31' title='bbox 349 604 444 663; x_wconf 84' lang='lat' dir='ltr'>fuisse</span> <span class='ocrx_word' id='word_1_32' title='bbox 458 606 613 682; x_wconf 84' lang='lat' dir='ltr'>cognitum</span> <span class='ocrx_word' id='word_1_33' title='bbox 628 649 634 664; x_wconf 92' lang='lat'>.</span> <span class='ocrx_word' id='word_1_34' title='bbox 649 648 656 664; x_wconf 91' lang='lat'><strong>.</strong></span> <span class='ocrx_word' id='word_1_35' title='bbox 676 649 683 665; x_wconf 87' lang='lat'><strong>.</strong></span> <span class='ocrx_word' id='word_1_36' title='bbox 713 603 782 664; x_wconf 87' lang='lat' dir='ltr'>Non</span> <span class='ocrx_word' id='word_1_37' title='bbox 796 623 867 681; x_wconf 83' lang='lat' dir='ltr'>ergo</span> <span class='ocrx_word' id='word_1_38' title='bbox 886 624 934 664; x_wconf 89' lang='lat' dir='ltr'>me</span> <span class='ocrx_word' id='word_1_39' title='bbox 948 606 1102 670; x_wconf 76' lang='lat' dir='ltr'>retundere</span> 
     </span>
     <span class='ocr_line' id='line_1_6' title="bbox 135 702 1102 782; baseline 0.002 -20"><span class='ocrx_word' id='word_1_40' title='bbox 135 705 255 762; x_wconf 81' lang='lat' dir='ltr'>tantum</span> <span class='ocrx_word' id='word_1_41' title='bbox 288 702 402 778; x_wconf 89' lang='lat' dir='ltr'>potuit,</span> <span class='ocrx_word' id='word_1_42' title='bbox 439 703 578 779; x_wconf 75' lang='lat' dir='ltr'>unques</span> <span class='ocrx_word' id='word_1_43' title='bbox 614 702 707 762; x_wconf 81' lang='lat' dir='ltr'>libror</span> <span class='ocrx_word' id='word_1_44' title='bbox 745 702 824 779; x_wconf 87' lang='lat' dir='ltr'>quod</span> <span class='ocrx_word' id='word_1_45' title='bbox 858 721 919 764; x_wconf 87' lang='lat' dir='ltr'>non</span> <span class='ocrx_word' id='word_1_46' title='bbox 950 703 1102 782; x_wconf 76' lang='lat' dir='ltr'>haberem,</span> 
     </span>
     <span class='ocr_line' id='line_1_7' title="bbox 134 799 1100 877; baseline 0.002 -17"><span class='ocrx_word' id='word_1_47' title='bbox 134 803 283 876; x_wconf 87' lang='lat' dir='ltr'>quentnm</span> <span class='ocrx_word' id='word_1_48' title='bbox 305 799 445 874; x_wconf 77' lang='lat' dir='ltr'>incitare,</span> <span class='ocrx_word' id='word_1_49' title='bbox 471 817 510 860; x_wconf 87' lang='lat' dir='ltr'>ne</span> <span class='ocrx_word' id='word_1_50' title='bbox 533 800 693 877; x_wconf 80' lang='lat' dir='ltr'>aliquunde</span> <span class='ocrx_word' id='word_1_51' title='bbox 717 800 904 876; x_wconf 76' lang='lat' dir='ltr'>paucissimi,</span> <span class='ocrx_word' id='word_1_52' title='bbox 932 801 985 877; x_wconf 88' lang='lat' dir='ltr'>qui</span> <span class='ocrx_word' id='word_1_53' title='bbox 1003 803 1100 862; x_wconf 79' lang='lat' dir='ltr'>exste-</span> 
     </span>
     <span class='ocr_line' id='line_1_8' title="bbox 134 889 1102 977; baseline 0.004 -21"><span class='ocrx_word' id='word_1_54' title='bbox 134 902 217 975; x_wconf 86' lang='lat' dir='ltr'>rent,</span> <span class='ocrx_word' id='word_1_55' title='bbox 249 895 479 958; x_wconf 84' lang='lat' dir='ltr'>emitterentur“</span> <span class='ocrx_word' id='word_1_56' title='bbox 507 889 600 977; x_wconf 51' lang='grc' dir='ltr'>οἰῶ)</span> <span class='ocrx_word' id='word_1_57' title='bbox 654 897 802 974; x_wconf 80' lang='lat' dir='ltr'>Equidem</span> <span class='ocrx_word' id='word_1_58' title='bbox 828 897 903 958; x_wconf 89' lang='lat' dir='ltr'>mihi</span> <span class='ocrx_word' id='word_1_59' title='bbox 924 915 1102 974; x_wconf 73' lang='lat' dir='ltr'>persuasum</span> 
     </span>
     <span class='ocr_line' id='line_1_9' title="bbox 134 994 1101 1073; baseline 0.001 -17"><span class='ocrx_word' id='word_1_60' title='bbox 134 1000 196 1073; x_wconf 86' lang='lat' dir='ltr'>est,</span> <span class='ocrx_word' id='word_1_61' title='bbox 224 994 391 1056; x_wconf 75' lang='lat' dir='ltr'>comodum</span> <span class='ocrx_word' id='word_1_62' title='bbox 417 995 509 1054; x_wconf 89' lang='lat' dir='ltr'>nullis</span> <span class='ocrx_word' id='word_1_63' title='bbox 537 1013 627 1056; x_wconf 87' lang='lat' dir='ltr'>usum</span> <span class='ocrx_word' id='word_1_64' title='bbox 649 1013 715 1056; x_wconf 88' lang='lat' dir='ltr'>esse</span> <span class='ocrx_word' id='word_1_65' title='bbox 742 995 828 1056; x_wconf 85' lang='lat' dir='ltr'>libris</span> <span class='ocrx_word' id='word_1_66' title='bbox 855 1014 930 1073; x_wconf 88' lang='lat' dir='ltr'>mss,</span> <span class='ocrx_word' id='word_1_67' title='bbox 960 1015 1034 1073; x_wconf 89' lang='lat' dir='ltr'>quos</span> <span class='ocrx_word' id='word_1_68' title='bbox 1057 997 1101 1058; x_wconf 90' lang='lat' dir='ltr'>vi·</span> 
     </span>
     <span class='ocr_line' id='line_1_10' title="bbox 134 1090 1102 1170; baseline 0 -16"><span class='ocrx_word' id='word_1_69' title='bbox 134 1095 223 1154; x_wconf 88' lang='lat' dir='ltr'>detur</span> <span class='ocrx_word' id='word_1_70' title='bbox 254 1090 432 1170; x_wconf 77' lang='lat' dir='ltr'>intellegere</span> <span class='ocrx_word' id='word_1_71' title='bbox 466 1092 503 1151; x_wconf 85' lang='lat' dir='ltr'>de</span> <span class='ocrx_word' id='word_1_72' title='bbox 530 1092 661 1169; x_wconf 75' lang='lat' dir='ltr'>antiquis</span> <span class='ocrx_word' id='word_1_73' title='bbox 692 1094 826 1170; x_wconf 90' lang='lat' dir='ltr'>loquens.</span> <span class='ocrx_word' id='word_1_74' title='bbox 872 1093 952 1154; x_wconf 84' lang='lat' dir='ltr'>Novi</span> <span class='ocrx_word' id='word_1_75' title='bbox 982 1097 1102 1155; x_wconf 85' lang='lat' dir='ltr'>tentum</span> 
     </span>
     <span class='ocr_line' id='line_1_11' title="bbox 133 1189 1103 1268; baseline 0.002 -18"><span class='ocrx_word' id='word_1_76' title='bbox 133 1194 256 1268; x_wconf 79' lang='lat' dir='ltr'>praesto</span> <span class='ocrx_word' id='word_1_77' title='bbox 280 1189 308 1251; x_wconf 91' lang='lat' dir='ltr'>ei</span> <span class='ocrx_word' id='word_1_78' title='bbox 336 1193 407 1250; x_wconf 91' lang='lat' dir='ltr'>sunt</span> <span class='ocrx_word' id='word_1_79' title='bbox 434 1193 511 1267; x_wconf 84' lang='lat' dir='ltr'>tres,</span> <span class='ocrx_word' id='word_1_80' title='bbox 540 1209 668 1265; x_wconf 90' lang='lat' dir='ltr'>quorum</span> <span class='ocrx_word' id='word_1_81' title='bbox 695 1190 768 1268; x_wconf 88' lang='lat' dir='ltr'>duo,</span> <span class='ocrx_word' id='word_1_82' title='bbox 796 1211 862 1252; x_wconf 89' lang='lat' dir='ltr'>cum</span> <span class='ocrx_word' id='word_1_83' title='bbox 886 1191 991 1252; x_wconf 86' lang='lat' dir='ltr'>ecdem</span> <span class='ocrx_word' id='word_1_84' title='bbox 1013 1192 1103 1252; x_wconf 84' lang='lat' dir='ltr'>litere</span> 
     </span>
     <span class='ocr_line' id='line_1_12' title="bbox 134 1287 1100 1366; baseline 0.001 -17"><span class='ocrx_word' id='word_1_85' title='bbox 134 1290 228 1354; x_wconf 82' lang='lat' dir='ltr'>luissc</span> <span class='ocrx_word' id='word_1_86' title='bbox 251 1288 408 1361; x_wconf 83' lang='lat' dir='ltr'>dicentur,</span> <span class='ocrx_word' id='word_1_87' title='bbox 432 1287 567 1348; x_wconf 85' lang='lat' dir='ltr'>eiusdem</span> <span class='ocrx_word' id='word_1_88' title='bbox 590 1287 730 1348; x_wconf 86' lang='lat' dir='ltr'>editionis</span> <span class='ocrx_word' id='word_1_89' title='bbox 751 1288 892 1350; x_wconf 84' lang='lat' dir='ltr'>videntur</span> <span class='ocrx_word' id='word_1_90' title='bbox 911 1289 1100 1366; x_wconf 85' lang='lat' dir='ltr'>exemplerie,</span> 
     </span>
     <span class='ocr_line' id='line_1_13' title="bbox 133 1380 1101 1463; baseline 0 -17"><span class='ocrx_word' id='word_1_91' title='bbox 133 1385 368 1448; x_wconf 77' lang='lat' dir='ltr'>nodiolmensis</span> <span class='ocrx_word' id='word_1_92' title='bbox 391 1381 509 1462; x_wconf 85' lang='lat' dir='ltr'>opinor,</span> <span class='ocrx_word' id='word_1_93' title='bbox 537 1403 614 1461; x_wconf 87' lang='lat' dir='ltr'>queo</span> <span class='ocrx_word' id='word_1_94' title='bbox 641 1380 709 1461; x_wconf 88' lang='lat' dir='ltr'>ipse</span> <span class='ocrx_word' id='word_1_95' title='bbox 730 1385 816 1445; x_wconf 84' lang='lat' dir='ltr'>nulle</span> <span class='ocrx_word' id='word_1_96' title='bbox 839 1387 899 1446; x_wconf 81' lang='lat' dir='ltr'>elie</span> <span class='ocrx_word' id='word_1_97' title='bbox 923 1389 981 1463; x_wconf 87' lang='lat' dir='ltr'>est,</span> <span class='ocrx_word' id='word_1_98' title='bbox 1011 1405 1101 1461; x_wconf 83' lang='lat' dir='ltr'>quem</span> 
     </span>
     <span class='ocr_line' id='line_1_14' title="bbox 134 1483 474 1562; baseline -0.006 -16"><span class='ocrx_word' id='word_1_99' title='bbox 134 1485 267 1562; x_wconf 84' lang='lat' dir='ltr'>repetite</span> <span class='ocrx_word' id='word_1_100' title='bbox 290 1483 474 1545; x_wconf 76' lang='lat' dir='ltr'>Parmensis.</span> 
     </span>
    </p>

    <p class='ocr_par' dir='ltr' id='par_1_3' title="bbox 129 1578 1101 2144">
     <span class='ocr_line' id='line_1_15' title="bbox 199 1578 1099 1658; baseline -0.002 -16"><span class='ocrx_word' id='word_1_101' title='bbox 199 1582 288 1642; x_wconf 84' lang='lat' dir='ltr'>Licet</span> <span class='ocrx_word' id='word_1_102' title='bbox 304 1599 375 1642; x_wconf 85' lang='lat' dir='ltr'>vcro</span> <span class='ocrx_word' id='word_1_103' title='bbox 389 1581 503 1640; x_wconf 73' lang='lat' dir='ltr'>fuerint</span> <span class='ocrx_word' id='word_1_104' title='bbox 515 1580 577 1658; x_wconf 83' lang='lat' dir='ltr'>ille,</span> <span class='ocrx_word' id='word_1_105' title='bbox 591 1600 681 1657; x_wconf 89' lang='lat' dir='ltr'>quem</span> <span class='ocrx_word' id='word_1_106' title='bbox 695 1599 782 1642; x_wconf 82' lang='lat' dir='ltr'>suurn</span> <span class='ocrx_word' id='word_1_107' title='bbox 797 1581 869 1642; x_wconf 89' lang='lat' dir='ltr'>dicit</span> <span class='ocrx_word' id='word_1_108' title='bbox 883 1578 1005 1656; x_wconf 88' lang='lat' dir='ltr'>(missus</span> <span class='ocrx_word' id='word_1_109' title='bbox 1019 1581 1049 1640; x_wconf 89' lang='lat' dir='ltr'>N</span> <span class='ocrx_word' id='word_1_110' title='bbox 1050 1599 1099 1640; x_wconf 88' lang='lat' dir='ltr'>ee-</span> 
     </span>
     <span class='ocr_line' id='line_1_16' title="bbox 131 1673 1101 1760; baseline -0.002 -20"><span class='ocrx_word' id='word_1_111' title='bbox 131 1673 209 1760; x_wconf 82' lang='lat' dir='ltr'>poli)</span> <span class='ocrx_word' id='word_1_112' title='bbox 229 1682 261 1740; x_wconf 88' lang='lat' dir='ltr'>et</span> <span class='ocrx_word' id='word_1_113' title='bbox 279 1680 359 1739; x_wconf 82' lang='lat' dir='ltr'>alter</span> <span class='ocrx_word' id='word_1_114' title='bbox 377 1678 546 1740; x_wconf 87' lang='lat' dir='ltr'>simillimus</span> <span class='ocrx_word' id='word_1_115' title='bbox 565 1678 594 1738; x_wconf 91' lang='lat' dir='ltr'>ei</span> <span class='ocrx_word' id='word_1_116' title='bbox 611 1678 689 1740; x_wconf 89' lang='lat' dir='ltr'>liber</span> <span class='ocrx_word' id='word_1_117' title='bbox 706 1697 766 1740; x_wconf 90' lang='lat' dir='ltr'>non</span> <span class='ocrx_word' id='word_1_118' title='bbox 784 1680 867 1756; x_wconf 85' lang='lat' dir='ltr'>typis</span> <span class='ocrx_word' id='word_1_119' title='bbox 887 1678 1028 1755; x_wconf 78' lang='lat' dir='ltr'>impressi</span> <span class='ocrx_word' id='word_1_120' title='bbox 1048 1680 1101 1739; x_wconf 87' lang='lat' dir='ltr'>sed</span> 
     </span>
     <span class='ocr_line' id='line_1_17' title="bbox 131 1776 1101 1853; baseline -0.002 -15"><span class='ocrx_word' id='word_1_121' title='bbox 131 1795 224 1838; x_wconf 78' lang='lat' dir='ltr'>manu</span> <span class='ocrx_word' id='word_1_122' title='bbox 240 1776 354 1853; x_wconf 83' lang='lat' dir='ltr'>scripti,</span> <span class='ocrx_word' id='word_1_123' title='bbox 368 1778 512 1837; x_wconf 77' lang='lat' dir='ltr'>momenti</span> <span class='ocrx_word' id='word_1_124' title='bbox 524 1777 627 1838; x_wconf 85' lang='lat' dir='ltr'>temen</span> <span class='ocrx_word' id='word_1_125' title='bbox 641 1777 961 1851; x_wconf 70' lang='lat' dir='ltr'>„contaminatissimo</span> <span class='ocrx_word' id='word_1_126' title='bbox 974 1776 1101 1852; x_wconf 89' lang='lat' dir='ltr'>scriptu·</span> 
     </span>
     <span class='ocr_line' id='line_1_18' title="bbox 131 1873 1099 1952; baseline -0.004 -17"><span class='ocrx_word' id='word_1_127' title='bbox 131 1873 205 1936; x_wconf 82' lang='lat' dir='ltr'>rce“</span> <span class='ocrx_word' id='word_1_128' title='bbox 215 1893 321 1935; x_wconf 89' lang='lat' dir='ltr'>eorum</span> <span class='ocrx_word' id='word_1_129' title='bbox 334 1892 394 1933; x_wconf 90' lang='lat' dir='ltr'>non</span> <span class='ocrx_word' id='word_1_130' title='bbox 408 1875 538 1934; x_wconf 88' lang='lat' dir='ltr'>multum</span> <span class='ocrx_word' id='word_1_131' title='bbox 547 1874 706 1934; x_wconf 74' lang='lat' dir='ltr'>tribuerim</span> <span class='ocrx_word' id='word_1_132' title='bbox 715 1873 843 1934; x_wconf 75' lang='lat' dir='ltr'>ettlecile</span> <span class='ocrx_word' id='word_1_133' title='bbox 857 1873 1099 1952; x_wconf 79' lang='lat' dir='ltr'>existimeverim,</span> 
     </span>
     <span class='ocr_line' id='line_1_19' title="bbox 129 1970 1099 2048; baseline -0.003 -15"><span class='ocrx_word' id='word_1_134' title='bbox 129 1975 227 2033; x_wconf 87' lang='lat' dir='ltr'>fuisse</span> <span class='ocrx_word' id='word_1_135' title='bbox 250 1989 311 2030; x_wconf 91' lang='lat' dir='ltr'>non</span> <span class='ocrx_word' id='word_1_136' title='bbox 334 1971 409 2030; x_wconf 83' lang='lat' dir='ltr'>elios</span> <span class='ocrx_word' id='word_1_137' title='bbox 433 1989 524 2047; x_wconf 80' lang='lat' dir='ltr'>quern</span> <span class='ocrx_word' id='word_1_138' title='bbox 546 1970 622 2032; x_wconf 88' lang='lat' dir='ltr'>Bet</span> <span class='ocrx_word' id='word_1_139' title='bbox 644 1971 664 2030; x_wconf 92' lang='lat' dir='ltr'>b</span> <span class='ocrx_word' id='word_1_140' title='bbox 686 1972 795 2048; x_wconf 86' lang='lat' dir='ltr'>libros,</span> <span class='ocrx_word' id='word_1_141' title='bbox 818 1989 946 2047; x_wconf 89' lang='lat' dir='ltr'>quorum</span> <span class='ocrx_word' id='word_1_142' title='bbox 969 1971 1099 2032; x_wconf 81' lang='lat' dir='ltr'>alterum</span> 
     </span>
     <span class='ocr_line' id='line_1_20' title="bbox 130 2068 769 2144; baseline 0 -14"><span class='ocrx_word' id='word_1_143' title='bbox 130 2071 298 2144; x_wconf 80' lang='lat' dir='ltr'>habemns,</span> <span class='ocrx_word' id='word_1_144' title='bbox 321 2068 451 2128; x_wconf 78' lang='lat' dir='ltr'>alterum</span> <span class='ocrx_word' id='word_1_145' title='bbox 473 2086 534 2129; x_wconf 91' lang='lat' dir='ltr'>ncn</span> <span class='ocrx_word' id='word_1_146' title='bbox 556 2068 769 2130; x_wconf 84' lang='lat' dir='ltr'>desideremus.</span> 
     </span>
    </p>

    <p class='ocr_par' dir='ltr' id='par_1_4' title="bbox 129 2164 1100 2542">
     <span class='ocr_line' id='line_1_21' title="bbox 201 2164 1100 2244; baseline -0.002 -18"><span class='ocrx_word' id='word_1_147' title='bbox 201 2167 375 2227; x_wconf 79' lang='lat' dir='ltr'>Editionem</span> <span class='ocrx_word' id='word_1_148' title='bbox 393 2166 643 2226; x_wconf 74' lang='lat' dir='ltr'>declamationum</span> <span class='ocrx_word' id='word_1_149' title='bbox 660 2185 757 2244; x_wconf 87' lang='lat' dir='ltr'>neque</span> <span class='ocrx_word' id='word_1_150' title='bbox 775 2165 946 2230; x_wconf 78' lang='lat' dir='ltr'>Sebastinni</span> <span class='ocrx_word' id='word_1_151' title='bbox 963 2164 1100 2243; x_wconf 77' lang='lat' dir='ltr'>Gryphfi,</span> 
     </span>
     <span class='ocr_line' id='line_1_22' title="bbox 131 2261 1100 2340; baseline -0.004 -14"><span class='ocrx_word' id='word_1_152' title='bbox 131 2266 183 2326; x_wconf 88' lang='lat' dir='ltr'>eui</span> <span class='ocrx_word' id='word_1_153' title='bbox 215 2263 421 2326; x_wconf 76' lang='lat' dir='ltr'>destinaverat</span> <span class='ocrx_word' id='word_1_154' title='bbox 453 2261 603 2324; x_wconf 81' lang='lat' dir='ltr'>Oorredus</span> <span class='ocrx_word' id='word_1_155' title='bbox 635 2264 839 2324; x_wconf 82' lang='lat' dir='ltr'>recensionem</span> <span class='ocrx_word' id='word_1_156' title='bbox 872 2283 970 2340; x_wconf 86' lang='lat' dir='ltr'>suem,</span> <span class='ocrx_word' id='word_1_157' title='bbox 1006 2263 1100 2322; x_wconf 87' lang='lat' dir='ltr'>trium</span> 
     </span>
     <span class='ocr_line' id='line_1_23' title="bbox 131 2361 1099 2440; baseline -0.004 -16"><span class='ocrx_word' id='word_1_158' title='bbox 131 2363 258 2440; x_wconf 82' lang='lat' dir='ltr'>illorum</span> <span class='ocrx_word' id='word_1_159' title='bbox 281 2361 428 2422; x_wconf 87' lang='lat' dir='ltr'>librorum</span> <span class='ocrx_word' id='word_1_160' title='bbox 447 2378 507 2437; x_wconf 90' lang='lat' dir='ltr'>cpe</span> <span class='ocrx_word' id='word_1_161' title='bbox 535 2361 742 2440; x_wconf 80' lang='lat' dir='ltr'>constitutum,</span> <span class='ocrx_word' id='word_1_162' title='bbox 770 2361 888 2424; x_wconf 85' lang='lat' dir='ltr'>invenio</span> <span class='ocrx_word' id='word_1_163' title='bbox 912 2379 993 2434; x_wconf 85' lang='lat' dir='ltr'>cern,</span> <span class='ocrx_word' id='word_1_164' title='bbox 1021 2379 1099 2436; x_wconf 88' lang='lat' dir='ltr'>quee</span> 
     </span>
     <span class='ocr_line' id='line_1_24' title="bbox 129 2450 1099 2542; baseline -0.004 -22"><span class='ocrx_word' id='word_1_165' title='bbox 129 2463 209 2521; x_wconf 76' lang='lat' dir='ltr'>haec</span> <span class='ocrx_word' id='word_1_166' title='bbox 231 2461 338 2520; x_wconf 83' lang='lat' dir='ltr'>nostre</span> <span class='ocrx_word' id='word_1_167' title='bbox 365 2450 527 2539; x_wconf 88' lang='lat' dir='ltr'>(‚,minores</span> <span class='ocrx_word' id='word_1_168' title='bbox 551 2450 651 2540; x_wconf 86' lang='lat' dir='ltr'>decll.)</span> <span class='ocrx_word' id='word_1_169' title='bbox 676 2451 894 2542; x_wconf 80' lang='lat' dir='ltr'>contineat,**)</span> <span class='ocrx_word' id='word_1_170' title='bbox 915 2476 1013 2534; x_wconf 90' lang='lat' dir='ltr'>neque</span> <span class='ocrx_word' id='word_1_171' title='bbox 1035 2458 1099 2516; x_wconf 87' lang='lat' dir='ltr'>Hu-</span> 
     </span>
    </p>
   </div>
   <div class='ocr_carea' id='block_1_3' title="bbox 127 2589 1101 3502">
    <p class='ocr_par' dir='ltr' id='par_1_5' title="bbox 127 2589 1101 3303">
     <span class='ocr_line' id='line_1_25' title="bbox 207 2589 1098 2662; baseline 0.001 -17"><span class='ocrx_word' id='word_1_172' title='bbox 207 2591 235 2662; x_wconf 82' lang='lat'>*)</span> <span class='ocrx_word' id='word_1_173' title='bbox 254 2589 386 2654; x_wconf 81' lang='lat' dir='ltr'>Proxime</span> <span class='ocrx_word' id='word_1_174' title='bbox 403 2607 516 2660; x_wconf 87' lang='lat' dir='ltr'>quoqne</span> <span class='ocrx_word' id='word_1_175' title='bbox 534 2591 621 2647; x_wconf 82' lang='lat' dir='ltr'>verbe</span> <span class='ocrx_word' id='word_1_176' title='bbox 639 2589 727 2662; x_wconf 83' lang='lat' dir='ltr'>digno</span> <span class='ocrx_word' id='word_1_177' title='bbox 744 2607 818 2661; x_wconf 81' lang='lat' dir='ltr'>quoe</span> <span class='ocrx_word' id='word_1_178' title='bbox 830 2591 877 2644; x_wconf 87' lang='lat' dir='ltr'>hic</span> <span class='ocrx_word' id='word_1_179' title='bbox 892 2589 1098 2646; x_wconf 78' lang='lat' dir='ltr'>exscribantur:</span> 
     </span>
     <span class='ocr_line' id='line_1_26' title="bbox 129 2660 1098 2736; baseline -0.002 -18"><span class='ocrx_word' id='word_1_180' title='bbox 129 2662 228 2736; x_wconf 80' lang='lat' dir='ltr'>‚Mira</span> <span class='ocrx_word' id='word_1_181' title='bbox 249 2663 323 2717; x_wconf 87' lang='lat' dir='ltr'>enim</span> <span class='ocrx_word' id='word_1_182' title='bbox 336 2663 465 2733; x_wconf 77' lang='lat' dir='ltr'>pensitas</span> <span class='ocrx_word' id='word_1_183' title='bbox 479 2662 509 2718; x_wconf 93' lang='lat' dir='ltr'>in</span> <span class='ocrx_word' id='word_1_184' title='bbox 522 2661 613 2730; x_wconf 72' lang='lat' dir='ltr'>Italic,</span> <span class='ocrx_word' id='word_1_185' title='bbox 633 2664 663 2718; x_wconf 90' lang='lat' dir='ltr'>et</span> <span class='ocrx_word' id='word_1_186' title='bbox 676 2660 819 2718; x_wconf 86' lang='lat' dir='ltr'>silentium</span> <span class='ocrx_word' id='word_1_187' title='bbox 833 2661 868 2716; x_wconf 87' lang='lat' dir='ltr'>dc</span> <span class='ocrx_word' id='word_1_188' title='bbox 882 2661 926 2716; x_wconf 87' lang='lat' dir='ltr'>his</span> <span class='ocrx_word' id='word_1_189' title='bbox 940 2661 971 2716; x_wconf 91' lang='lat' dir='ltr'>in</span> <span class='ocrx_word' id='word_1_190' title='bbox 985 2661 1039 2716; x_wconf 82' lang='lat' dir='ltr'>scri</span> <span class='ocrx_word' id='word_1_191' title='bbox 1060 2661 1098 2716; x_wconf 87' lang='lat' dir='ltr'>tis</span> 
     </span>
     <span class='ocr_line' id='line_1_27' title="bbox 129 2709 1097 2802; baseline -0.003 -11"><span class='ocrx_word' id='word_1_192' title='bbox 129 2709 285 2792; x_wconf 76' lang='lat' dir='ltr'>locrorum</span> <span class='ocrx_word' id='word_1_193' title='bbox 303 2732 457 2790; x_wconf 88' lang='lat' dir='ltr'>hominnm.</span> <span class='ocrx_word' id='word_1_194' title='bbox 490 2732 583 2790; x_wconf 84' lang='lat' dir='ltr'>Semel</span> <span class='ocrx_word' id='word_1_195' title='bbox 600 2729 742 2790; x_wconf 71' lang='grc' dir='ltr'>ὑπόθεσιν</span> <span class='ocrx_word' id='word_1_196' title='bbox 756 2733 942 2802; x_wconf 78' lang='lat' dir='ltr'>Hieronymus</span> <span class='ocrx_word' id='word_1_197' title='bbox 960 2733 1045 2801; x_wconf 87' lang='lat' dir='ltr'>protu</span> <span class='ocrx_word' id='word_1_198' title='bbox 1058 2730 1097 2788; x_wconf 87' lang='lat' dir='ltr'>&#39;t“</span> 
     </span>
     <span class='ocr_line' id='line_1_28' title="bbox 128 2803 1099 2875; baseline -0.002 -13"><span class='ocrx_word' id='word_1_199' title='bbox 128 2807 180 2873; x_wconf 88' lang='lat' dir='ltr'>(cf.</span> <span class='ocrx_word' id='word_1_200' title='bbox 206 2803 318 2874; x_wconf 88' lang='lat' dir='ltr'>quintil.</span> <span class='ocrx_word' id='word_1_201' title='bbox 343 2803 432 2860; x_wconf 89' lang='lat' dir='ltr'>Deoll.</span> <span class='ocrx_word' id='word_1_202' title='bbox 451 2822 478 2875; x_wconf 90' lang='lat' dir='ltr'>p.</span> <span class='ocrx_word' id='word_1_203' title='bbox 493 2810 546 2860; x_wconf 75' lang='lat'>209</span> <span class='ocrx_word' id='word_1_204' title='bbox 560 2808 612 2874; x_wconf 84' lang='lat' dir='ltr'>sq.)</span> <span class='ocrx_word' id='word_1_205' title='bbox 636 2805 749 2874; x_wconf 90' lang='lat' dir='ltr'>„nescio</span> <span class='ocrx_word' id='word_1_206' title='bbox 772 2821 809 2859; x_wconf 82' lang='lat' dir='ltr'>en</span> <span class='ocrx_word' id='word_1_207' title='bbox 836 2820 869 2858; x_wconf 89' lang='lat' dir='ltr'>ex</span> <span class='ocrx_word' id='word_1_208' title='bbox 892 2803 940 2871; x_wconf 85' lang='lat' dir='ltr'>iis,</span> <span class='ocrx_word' id='word_1_209' title='bbox 968 2819 1038 2873; x_wconf 79' lang='lat' dir='ltr'>ques</span> <span class='ocrx_word' id='word_1_210' title='bbox 1062 2803 1099 2860; x_wconf 80' lang='lat' dir='ltr'>nd</span> 
     </span>
     <span class='ocr_line' id='line_1_29' title="bbox 129 2873 1101 2946; baseline -0.004 -12"><span class='ocrx_word' id='word_1_211' title='bbox 129 2875 234 2934; x_wconf 80' lang='lat' dir='ltr'>ccnn</span> <span class='ocrx_word' id='word_1_212' title='bbox 255 2873 396 2931; x_wconf 77' lang='lat' dir='ltr'>interiisse</span> <span class='ocrx_word' id='word_1_213' title='bbox 415 2875 605 2946; x_wconf 82' lang='lat' dir='ltr'>cognovimus.</span> <span class='ocrx_word' id='word_1_214' title='bbox 641 2877 759 2930; x_wconf 86' lang='lat' dir='ltr'>Petrum</span> <span class='ocrx_word' id='word_1_215' title='bbox 781 2876 941 2930; x_wconf 83' lang='lat' dir='ltr'>nostrornm</span> <span class='ocrx_word' id='word_1_216' title='bbox 965 2875 1101 2930; x_wconf 73' lang='lat' dir='ltr'>memorie</span> 
     </span>
     <span class='ocr_line' id='line_1_30' title="bbox 127 2944 1099 3018; baseline -0.004 -14"><span class='ocrx_word' id='word_1_217' title='bbox 127 2947 256 3004; x_wconf 81' lang='lat' dir='ltr'>Iacobus</span> <span class='ocrx_word' id='word_1_218' title='bbox 285 2945 433 3002; x_wconf 79' lang='lat' dir='ltr'>Sedoletns</span> <span class='ocrx_word' id='word_1_219' title='bbox 457 2948 525 3018; x_wconf 80' lang='lat' dir='ltr'>(not.</span> <span class='ocrx_word' id='word_1_220' title='bbox 552 2952 619 3002; x_wconf 75' lang='lat'><strong>1477</strong></span> <span class='ocrx_word' id='word_1_221' title='bbox 656 2951 675 3014; x_wconf 90' lang='lat'>†</span> <span class='ocrx_word' id='word_1_222' title='bbox 700 2949 780 3014; x_wconf 78' lang='lat'>1547)</span> <span class='ocrx_word' id='word_1_223' title='bbox 803 2961 837 3002; x_wconf 85' lang='lat' dir='ltr'>co</span> <span class='ocrx_word' id='word_1_224' title='bbox 860 2945 895 3000; x_wconf 84' lang='lat' dir='ltr'>de</span> <span class='ocrx_word' id='word_1_225' title='bbox 918 2944 1099 3015; x_wconf 81' lang='lat' dir='ltr'>trenealpinio</span> 
     </span>
     <span class='ocr_line' id='line_1_31' title="bbox 127 2988 1098 3088; baseline -0.004 -12"><span class='ocrx_word' id='word_1_226' title='bbox 127 3017 298 3076; x_wconf 82' lang='lat' dir='ltr'>hominibus</span> <span class='ocrx_word' id='word_1_227' title='bbox 321 3017 391 3072; x_wconf 74' lang='lat' dir='ltr'>itud„</span> <span class='ocrx_word' id='word_1_228' title='bbox 411 3016 544 3088; x_wconf 76' lang='lat' dir='ltr'>Agricola</span> <span class='ocrx_word' id='word_1_229' title='bbox 568 3018 597 3073; x_wconf 88' lang='lat' dir='ltr'>ct</span> <span class='ocrx_word' id='word_1_230' title='bbox 619 2988 764 3072; x_wconf 69' lang='lat' dir='ltr'>ilornelius</span> <span class='ocrx_word' id='word_1_231' title='bbox 788 3016 915 3087; x_wconf 78' lang='lat' dir='ltr'>Agrippa</span> <span class='ocrx_word' id='word_1_232' title='bbox 939 3019 1007 3086; x_wconf 82' lang='lat' dir='ltr'>(net.</span> <span class='ocrx_word' id='word_1_233' title='bbox 1028 3019 1098 3072; x_wconf 73' lang='lat'>1486</span> 
     </span>
     <span class='ocr_line' id='line_1_32' title="bbox 127 3084 1099 3160; baseline -0.004 -14"><span class='ocrx_word' id='word_1_234' title='bbox 127 3091 245 3160; x_wconf 81' lang='lat' dir='ltr'>†circe</span> <span class='ocrx_word' id='word_1_235' title='bbox 262 3104 326 3143; x_wconf 82' lang='lat' dir='ltr'>ann.</span> <span class='ocrx_word' id='word_1_236' title='bbox 347 3090 427 3159; x_wconf 77' lang='lat'>1535)</span> <span class='ocrx_word' id='word_1_237' title='bbox 446 3087 601 3158; x_wconf 81' lang='lat' dir='ltr'>respexisse</span> <span class='ocrx_word' id='word_1_238' title='bbox 620 3089 656 3142; x_wconf 83' lang='lat' dir='ltr'>nd</span> <span class='ocrx_word' id='word_1_239' title='bbox 673 3091 840 3158; x_wconf 79' lang='lat' dir='ltr'>argumente</span> <span class='ocrx_word' id='word_1_240' title='bbox 853 3103 887 3142; x_wconf 88' lang='lat' dir='ltr'>ex</span> <span class='ocrx_word' id='word_1_241' title='bbox 900 3087 945 3142; x_wconf 88' lang='lat' dir='ltr'>his</span> <span class='ocrx_word' id='word_1_242' title='bbox 959 3084 1099 3142; x_wconf 78' lang='lat' dir='ltr'>CXXXVI</span> 
     </span>
     <span class='ocr_line' id='line_1_33' title="bbox 129 3156 1097 3230; baseline -0.006 -13"><span class='ocrx_word' id='word_1_243' title='bbox 129 3161 207 3217; x_wconf 90' lang='lat' dir='ltr'>mihi</span> <span class='ocrx_word' id='word_1_244' title='bbox 222 3156 381 3216; x_wconf 58' lang='lat' dir='ltr'>uocetur</span> <span class='ocrx_word' id='word_1_245' title='bbox 396 3184 431 3202; x_wconf 87' lang='lat'>·-·</span> <span class='ocrx_word' id='word_1_246' title='bbox 450 3158 577 3214; x_wconf 81' lang='lat' dir='ltr'>Sedoleti</span> <span class='ocrx_word' id='word_1_247' title='bbox 590 3162 620 3214; x_wconf 88' lang='lat' dir='ltr'>et</span> <span class='ocrx_word' id='word_1_248' title='bbox 632 3158 775 3230; x_wconf 73' lang='lat' dir='ltr'>Agrippae</span> <span class='ocrx_word' id='word_1_249' title='bbox 793 3159 870 3214; x_wconf 86' lang='lat' dir='ltr'>locos</span> <span class='ocrx_word' id='word_1_250' title='bbox 889 3157 924 3213; x_wconf 79' lang='lat' dir='ltr'>cd</span> <span class='ocrx_word' id='word_1_251' title='bbox 943 3172 1013 3226; x_wconf 85' lang='lat' dir='ltr'>quoe</span> <span class='ocrx_word' id='word_1_252' title='bbox 1027 3157 1097 3213; x_wconf 79' lang='lat' dir='ltr'>haec</span> 
     </span>
     <span class='ocr_line' id='line_1_34' title="bbox 128 3227 708 3303; baseline -0.003 -16"><span class='ocrx_word' id='word_1_253' title='bbox 128 3231 268 3303; x_wconf 77' lang='lat' dir='ltr'>spectent</span> <span class='ocrx_word' id='word_1_254' title='bbox 286 3227 411 3286; x_wconf 84' lang='lat' dir='ltr'>invenire</span> <span class='ocrx_word' id='word_1_255' title='bbox 425 3229 497 3285; x_wconf 90' lang='lat' dir='ltr'>mihi</span> <span class='ocrx_word' id='word_1_256' title='bbox 511 3247 568 3286; x_wconf 92' lang='lat' dir='ltr'>non</span> <span class='ocrx_word' id='word_1_257' title='bbox 582 3230 708 3300; x_wconf 88' lang='lat' dir='ltr'>contigit.</span> 
     </span>
    </p>

    <p class='ocr_par' dir='ltr' id='par_1_6' title="bbox 128 3298 1097 3502">
     <span class='ocr_line' id='line_1_35' title="bbox 187 3298 1097 3372; baseline -0.004 -16"><span class='ocrx_word' id='word_1_258' title='bbox 187 3302 234 3372; x_wconf 71' lang='lat'>⁸²¹²)</span> <span class='ocrx_word' id='word_1_259' title='bbox 254 3301 384 3356; x_wconf 84' lang='lat' dir='ltr'>Ceterum</span> <span class='ocrx_word' id='word_1_260' title='bbox 403 3298 581 3372; x_wconf 79' lang='lat' dir='ltr'>Gryphianus</span> <span class='ocrx_word' id='word_1_261' title='bbox 604 3299 784 3370; x_wconf 87' lang='lat' dir='ltr'>posteriores,</span> <span class='ocrx_word' id='word_1_262' title='bbox 807 3298 874 3354; x_wconf 87' lang='lat' dir='ltr'>inde</span> <span class='ocrx_word' id='word_1_263' title='bbox 897 3316 915 3354; x_wconf 86' lang='lat' dir='ltr'>e</span> <span class='ocrx_word' id='word_1_264' title='bbox 938 3314 1013 3355; x_wconf 79' lang='lat' dir='ltr'>ncnc</span> <span class='ocrx_word' id='word_1_265' title='bbox 1031 3298 1097 3352; x_wconf 85' lang='lat' dir='ltr'>enni</span> 
     </span>
     <span class='ocr_line' id='line_1_36' title="bbox 131 3367 1096 3500; baseline -0.007 -69"><span class='ocrx_word' id='word_1_266' title='bbox 131 3380 205 3430; x_wconf 80' lang='lat'><strong>1555</strong></span> <span class='ocrx_word' id='word_1_267' title='bbox 230 3371 302 3500; x_wconf 47' lang='lat' dir='ltr'>nitigi}</span> <span class='ocrx_word' id='word_1_268' title='bbox 323 3388 384 3498; x_wconf 65' lang='lat' dir='ltr'>nont</span> <span class='ocrx_word' id='word_1_269' title='bbox 403 3371 594 3428; x_wconf 74' lang='lat' dir='ltr'>intermunus</span> <span class='ocrx_word' id='word_1_270' title='bbox 612 3369 738 3440; x_wconf 82' lang='lat' dir='ltr'>fuerunt,</span> <span class='ocrx_word' id='word_1_271' title='bbox 761 3371 809 3426; x_wconf 88' lang='lat' dir='ltr'>sed</span> <span class='ocrx_word' id='word_1_272' title='bbox 828 3387 862 3426; x_wconf 85' lang='lat' dir='ltr'>ex</span> <span class='ocrx_word' id='word_1_273' title='bbox 880 3367 1016 3440; x_wconf 73' lang='lat' dir='ltr'>catalogis</span> <span class='ocrx_word' id='word_1_274' title='bbox 1035 3372 1096 3424; x_wconf 77' lang='lat' dir='ltr'>tnn-</span> 
     </span>
     <span class='ocr_line' id='line_1_37' title="bbox 128 3453 391 3502; baseline -0.004 0"><span class='ocrx_word' id='word_1_275' title='bbox 128 3453 197 3502; x_wconf 85' lang='lat' dir='ltr'>tnm</span> <span class='ocrx_word' id='word_1_276' title='bbox 215 3460 252 3499; x_wconf 91' lang='lat' dir='ltr'>no</span> <span class='ocrx_word' id='word_1_277' title='bbox 319 3459 391 3501; x_wconf 83' lang='lat' dir='ltr'>eun.</span> 
     </span>
    </p>
   </div>
   <div class='ocr_carea' id='block_1_4' title="bbox 898 3526 938 3580">
    <p class='ocr_par' dir='ltr' id='par_1_7' title="bbox 898 3526 938 3580">
     <span class='ocr_line' id='line_1_38' title="bbox 898 3526 938 3580; baseline 0 -22"><span class='ocrx_word' id='word_1_278' title='bbox 898 3526 938 3580; x_wconf 65' lang='lat' dir='ltr'>b*</span> 
     </span>
    </p>
   </div>
   <div class='ocr_carea' id='block_1_5' title="bbox 0 0 1324 3968">
    <p class='ocr_par' dir='ltr' id='par_1_8' title="bbox 0 0 1324 3968">
     <span class='ocr_line' id='line_1_39' title="bbox 0 0 1324 3968; baseline 0 1"><span class='ocrx_word' id='word_1_279' title='bbox 0 0 1324 3968; x_wconf 95' lang='lat' dir='ltr'> </span> 
     </span>
    </p>
   </div>
  </div>
 </body>
</html>
