2692 3960
238 149 303 216 336
604 147 834 214 QUINTILIANI

236 313 329 378 tricis
357 333 436 396 ergo
467 295 692 376 testimonium
724 316 787 395 est,
815 331 883 375 non
904 309 1014 394 testis,
1052 310 1108 395 qui
1131 331 1200 374 ure-

238 403 294 468 dit.
343 403 546 466 dimittamus
589 401 625 464 in
666 399 852 484 praesentia
890 399 1044 463 maritum
1079 398 1197 483 (redu-

238 511 344 555 cemus
366 491 459 554 illum
481 490 555 554 loeo
579 486 666 572 suo):
690 489 729 552 de
751 489 875 552 nutrice
898 487 1052 553 dicamus.
1096 485 1132 552 Si
1158 487 1200 552 ab

237 579 334 644 initio
357 579 495 644 mentita
517 581 612 661 esset,
634 577 676 660 id,
700 578 785 661 quod
809 578 964 641 adversus
988 576 1076 641 huno
1094 576 1200 640 dicere

203 669 355 750 saudeo,
387 667 493 752 magis
525 667 676 730 auderem
708 666 862 730 adversus
891 664 1053 729 nutrirem
1081 665 1200 730 dicere:

239 757 310 822 sola
328 760 378 820 est
396 777 453 818 -r
476 776 564 819 nuno
582 755 729 819 diversae
748 755 955 838 quaestiones
974 754 1064 818 duae.
1093 753 1202 818 videa·

237 867 323 928 mus,
354 847 463 909 utram
495 865 606 908 verum
637 843 757 908 dixisse
790 843 977 907 credibilius
1010 843 1062 908 sit.
1111 845 1200 906 torta

237 936 330 998 tuum
359 953 429 997 esso
461 932 565 997 filium
598 932 691 996 dixit.
750 931 825 997 volo
862 931 989 996 adicere
1025 931 1199 996 tormentis

239 1021 481 1087 auctoritatem:
514 1042 595 1085 anus
623 1024 721 1085 torta
769 1041 836 1084 una
867 1019 1016 1103 quaestio
1048 1019 1201 1084 adversus

188 1127 220 1176 ιο
239 1109 325 1175 huno
353 1131 479 1191 sexum,
507 1109 659 1174 adversus
686 1108 771 1173 hano
797 1111 937 1173 aetatem
966 1129 1033 1173 non
1060 1107 1202 1172 sufficit?

239 1199 419 1264 deficientes
451 1199 518 1264 iam
550 1219 608 1281 per
639 1219 672 1262 se
704 1197 862 1262 distendis
893 1201 984 1262 artus
1011 1197 1201 1281 lacerasque

239 1286 427 1353 verberibus
460 1288 526 1352 iam
553 1307 620 1351 non
650 1285 878 1352 cohaerentem
911 1289 1032 1368 cutem,
1063 1289 1097 1350 et
1127 1291 1201 1350 tuno

239 1375 319 1442 diois
354 1376 556 1440 »mentiris«.
610 1376 735 1440 tamdiu
771 1377 881 1460 potest
919 1374 1050 1438 mentiri
1086 1378 1202 1439 eontra

238 1464 562 1530 tuamvoluntatem‘?
576 1465 675 1529 otiam
690 1487 762 1530 oum
769 1463 989 1528 robustissimi
1000 1466 1202 1546 torquentur,

188 1568 221 1617 15
241 1554 341 1618 etiam
370 1575 442 1618 oum
471 1552 679 1636 animos<os>
707 1552 904 1637 asperrimus
932 1552 1027 1617 dolor
1052 1555 1202 1634 temptat,

240 1641 417 1726 plurimum
436 1645 548 1706 tamen
566 1642 711 1723 interest,
730 1640 806 1724 quid
825 1641 1013 1724 responderi
1032 1639 1095 1704 sibi
1112 1639 1202 1722 velit,

242 1731 299 1813 qui
316 1732 456 1813 torquet.
488 1730 668 1813 dura<vit>,
690 1750 757 1794 non
774 1729 847 1793 dieo
866 1733 981 1794 eontra
997 1730 1115 1814 ignem,
1136 1750 1203 1794 non

242 1818 313 1883 dioo
333 1821 447 1883 eontra
464 1819 608 1903 flagella:
627 1821 741 1882 eontra
760 1816 846 1900 (te).
877 1815 1035 1882 hactenus
1054 1817 1202 1882 veritatis

240 1905 410 1991 inquisitio
434 1910 492 1992 est,
512 1929 576 1992 qua
598 1907 719 1970 vietum
742 1910 775 1970 te
799 1911 915 1990 sperat,
939 1906 968 1970 si
985 1928 1098 1971 verum
1117 1905 1202 1970 dixe·

187 2011 222 2060 20
241 1995 293 2060 rit.
335 2017 409 2060 oum
432 2017 509 2062 vero
533 1997 661 2079 repetas
684 1997 858 2078 tormenta,
880 2015 954 2059 oum
977 1996 1110 2060 reducar
1134 2015 1202 2058 oar·

242 2082 381 2167 nifieem,
405 2084 481 2167 quid
500 2083 587 2148 eiiud
606 2082 697 2167 diois,
715 2105 812 2167 quam
831 2084 924 2148 illud:
949 2088 1085 2168 >torque
1100 2084 1203 2148 donec

241 2172 462 2237 mentiature?
498 2191 618 2256 magna
648 2170 778 2237 heroule
810 2172 873 2237 tibi
900 2167 1050 2257 contigit,
1080 2191 1202 2256 magna

240 2260 392 2326 viatoria:
416 2259 629 2345 perdomuisti
648 2261 816 2325 mulierem
837 2283 947 2346 anum3
969 2281 1121 2344 expressa
1139 2281 1201 2325 vox

241 2353 291 2413 est
313 2349 378 2414 iem
402 2349 558 2433 fugientis
579 2348 716 2414 animae.
746 2351 929 2414 »miserere
960 2371 1029 2413 non
1048 2352 1098 2414 est
1116 2352 1202 2414 tuus.

187 2452 221 2501 25
241 2438 307 2501 iam
330 2458 439 2522 paroe3
461 2458 574 2501 verum
593 2437 760 2520 dixi[sti].‹<
801 2438 854 2503 hio
872 2439 946 2521 iam,
969 2437 1073 2520 credo,
1096 2441 1204 2502 tortor

241 2525 433 2608 admonitus,
455 2524 593 2591 instaret
611 2530 896 2610 perseveraretque
917 2546 1050 2609 eamque
1069 2524 1202 2594 adhibe-

242 2618 293 2678 ret
307 2618 411 2678 artem
431 2615 626 2706 quaqstioni,
644 2619 683 2680 ut
701 2618 881 2680 moreretur
897 2613 1025 2697 mulier,
1043 2613 1120 2677 dum
1139 2612 1203 2679 hoo

314 2863 328 2911 1
347 2859 463 2924 fortusse
481 2859 564 2914 *non
581 2858 673 2924 istius,
693 2857 742 2926 qui
760 2857 880 2912 eredidit
893 2859 932 2928 {12
956 2857 1123 2914 reducamus
1142 2864 1201 2927 AB,

242 2944 311 2984 corr.
333 2925 375 2983 Gr
388 2930 428 2999 114
452 2931 496 2986 ost
514 2930 563 2985 sed
581 2929 611 2984 id
629 2930 672 2999 Blt
688 2936 702 2983 ἵ
721 2931 816 2983 utrum
834 2931 898 2998 Aul}
916 2934 932 2983 8
951 2927 1038 2984 trium
1056 2931 1201 3002 3119-10

241 3001 440 3055 auctoritatem
468 3001 600 3056 adversus
624 3001 698 3054 huno
726 3016 823 3054 sexum
845 3017 914 3054 anus
937 3002 1015 3055 torta
1036 3017 1093 3055 una
1116 3018 1199 3070 quae·

241 3070 295 3125 atio
319 3074 453 3127 adversus
476 3073 548 3126 hano
573 3072 694 3126 aetatem
718 3087 775 3125 non
793 3089 813 3126 s.
832 3077 879 3126 eto.
898 3076 918 3124 B
940 3073 950 3140 ΙΙ
974 3078 1006 3125 11
1031 3072 1201 3127 sufficientes

241 3146 305 3210 AB,
332 3159 401 3199 corr.
421 3141 478 3197 Aer
500 3142 509 3211 ΙΙ
533 3143 625 3196 arctus
643 3143 688 3212 ΒΙ]
707 3147 739 3196 12
759 3142 813 3197 hoo
832 3147 891 3210 AB,
910 3159 979 3198 corr.
998 3143 1042 3198 Ro
1060 3145 1069 3214 ΙΙ
1094 3148 1125 3197 15
1145 3143 1202 3198 aui-

240 3229 303 3267 mus
321 3218 402 3282 Aeli,
431 3212 539 3268 animos
559 3217 612 3279 Ab,
641 3229 710 3268 corr.
730 3212 775 3266 Ro
801 3215 811 3282 ss
837 3218 870 3268 16
893 3213 1062 3282 respondere
1084 3219 1105 3267 B
1130 3216 1139 3286 11
1169 3219 1201 3268 17

242 3282 395 3356 dura<vit>
422 3282 476 3338 Scir
498 3285 508 3352 ΙΙ
531 3287 564 3337 18
587 3282 658 3357 (te)
686 3284 739 3340 Sele
761 3285 770 3353 ΙΙ
795 3290 827 3338 19
856 3299 951 3352 speras
969 3288 1032 3351 AB,
1061 3300 1129 3340 corr.
1149 3283 1202 3351 Ro,

241 3351 315 3474 iddare
326 3353 392 3476 (gor
409 3355 419 3422 t
438 3359 472 3408 26
491 3370 542 3423 per
559 3356 588 3408 te
606 3359 627 3407 B
645 3356 654 3424 d
674 3355 770 3409 dixisti
789 3355 835 3408 hic
853 3358 917 3422 AB,
937 3372 1005 3410 corr.
1023 3355 1100 3421 Aer5
1118 3355 1202 3410 dixis<

279 3439 288 3474 1
366 3440 382 3475 r
566 3451 569 3458 ·
