2692 3960
226 125 292 190 260
592 126 821 193 QUINTILIANI

224 289 351 374 pietas?
392 289 529 356 fratrem
558 289 704 356 occisura
733 313 798 357 non
821 291 979 357 succurrit
1008 295 1191 360 communis

225 378 361 443 uterus?
393 399 461 443 non
484 378 597 444 eadem
619 400 717 444 causa
739 380 847 445 vitae?
876 402 945 447 non
964 403 1031 446 una
1053 383 1192 465 primor-

225 467 301 532 dia?
342 488 409 533 uon
430 467 489 532 illa
513 467 753 552 [consuetud0],
776 491 859 554 quae
883 469 1007 535 alienos
1031 471 1131 537 etiam
1154 495 1194 538 ac

226 557 317 621 nulla
343 555 583 622 necessitudine
610 556 696 621 inter
722 579 758 622 se
786 558 973 624 coniunctos
997 573 1192 643 componere

191 650 262 710 cet
294 645 476 731 astringere
509 645 690 710 adfectibus
717 649 842 730 potest,
873 648 1072 714 consuetudo
1100 653 1193 714 actae

162 770 181 807 ρ
227 734 350 818 pariter
372 733 543 818 infantiae,
570 733 730 818 pueritiae
754 735 871 820 studia,
893 735 995 820 lusus,
1018 737 1193 822 trist[it]ia,

227 821 314 888 ioci?
350 824 497 888 membra
523 823 652 888 hercule
680 823 767 888 inter
794 846 830 888 se
853 824 949 889 citius
973 827 1192 911 pugnaverint

227 915 261 976 et
285 911 312 974 si
337 933 401 995 qua
423 912 459 975 in
481 911 578 977 nobis
599 913 719 976 natura
742 911 921 997 geminavit
939 912 1083 980 diversos
1097 936 1194 998 cepe·

226 998 296 1063 rint
317 999 474 1064 adfectus.
502 1021 578 1064 nam
598 999 676 1084 quid
695 1005 745 1065 est
764 1000 853 1068 aliud
870 1000 1071 1087 fraternitas,
1093 1025 1193 1087 quam

174 1103 207 1152 10
227 1085 349 1152 divisus
379 1088 514 1171 spiritus
539 1092 584 1170 et,
614 1110 697 1172 quae
721 1088 764 1154 ad
785 1090 923 1154 tuendos
946 1112 1007 1156 nos
1031 1113 1052 1156 a
1073 1096 1193 1158 natura

227 1197 381 1240 concessa
395 1179 480 1262 sunt,
497 1176 739 1260 multiplicata?
753 1199 791 1243 eo
806 1178 938 1262 quidem
952 1178 1090 1264 felicius,
1103 1179 1191 1264 quod

226 1263 362 1330 diversis
392 1266 492 1331 etiam
524 1286 560 1331 ac
590 1266 789 1333 distantibus
822 1267 904 1332 locis
937 1288 1008 1332 esse
1039 1269 1125 1333 idem
1153 1291 1192 1334 ac

225 1353 320 1436 plura
357 1353 455 1419 simul
492 1354 583 1420 obire
614 1376 798 1438 possumus.
851 1355 928 1420 huic
958 1357 1193 1422 necessitudini

226 1443 282 1526 qui
304 1442 382 1508 dare
404 1465 565 1509 venenum
585 1446 704 1527 potest,
726 1465 794 1509 non
812 1445 923 1510 oculos
943 1444 1074 1510 effodiet
1093 1447 1191 1512 suos?

174 1545 207 1594 15
225 1552 292 1596 non
314 1552 430 1597 manus
453 1532 488 1596 in
509 1532 633 1596 viscera
653 1554 712 1597 sua
730 1532 893 1598 armabit?
916 1532 1017 1598 habet
1035 1555 1113 1619 ergo
1127 1534 1191 1600 hoc

224 1620 367 1704 primum
409 1619 465 1705 (ut
505 1621 694 1704 parcissime
731 1620 890 1705 dixerim)
930 1620 1189 1688 admirationem.

225 1728 330 1792 neque
357 1728 418 1794 ego
446 1709 576 1792 ignoro,
602 1709 739 1792 iudices,
767 1713 888 1794 quanto
918 1731 969 1775 me
996 1733 1093 1776 onere
1120 1733 1191 1795 pre-

226 1818 325 1861 mam.
368 1797 439 1880 ipse
463 1799 633 1881 confiteor,
660 1797 759 1862 nullis
782 1798 969 1882 suppliciis,
994 1800 1092 1864 nullis
1115 1821 1192 1883 poe-

225 1885 286 1967 nis,
308 1884 402 1950 nulla
424 1907 476 1951 me
500 1887 645 1952 omnium
667 1886 836 1951 hominum
859 1886 910 1950 ira
927 1908 1023 1970 posse
1047 1909 1192 1973 pensare,

172 1987 207 2036 20
227 1974 255 2038 si
277 1973 349 2038 feci.

293 2059 375 2127 Vult
402 2063 572 2130 detrahere
599 2062 803 2128 fraternitati
835 2065 1077 2130 auctoritatem:
1109 2065 1191 2148 „dis-

227 2150 354 2236 cordes,
385 2153 505 2237 inquit,
537 2149 673 2216 fuistis“.
729 2151 873 2218 nondum
904 2153 1066 2218 rationem
1093 2153 1191 2218 huius

227 2240 370 2306 criminis
397 2240 510 2306 reddo:
543 2239 625 2305 illud
650 2239 782 2304 interim
809 2244 928 2324 testor,
954 2241 1041 2307 hunc
1067 2242 1191 2308 bunum

227 2329 368 2395 amicum
391 2330 521 2412 utrique
544 2327 745 2395 maledicere.
789 2351 874 2395 nunc
896 2329 991 2413 mihi,
1018 2330 1134 2414 frater,
1156 2332 1192 2397 in

174 2430 208 2480 25
227 2439 427 2502 quacumque
455 2420 548 2500 parte
574 2420 712 2482 naturae
735 2439 783 2500 es,
811 2419 937 2504 agenda
959 2439 1055 2482 causa
1077 2422 1111 2482 et
1133 2423 1192 2483 tua

229 2509 289 2572 est.
320 2505 453 2590 Aliquid
478 2526 518 2569 ex
541 2527 668 2571 summa
690 2506 906 2572 fraternitatis
924 2505 1030 2591 gratia
1049 2504 1192 2572 debuisse

227 2594 334 2660 visum
358 2598 408 2658 est
431 2593 615 2678 aliquando,
638 2596 715 2659 dum
737 2594 876 2660 forsitan
896 2598 1032 2676 uterque
1052 2592 1188 2660 alterius

228 2683 373 2747 animum
396 2681 503 2767 magis
526 2683 628 2768 exigit
645 2683 763 2748 fiducia
781 2683 840 2746 sui.
872 2681 953 2746 bene
971 2680 1104 2747 hercule
1122 2683 1189 2748 for-

227 2773 320 2853 tuna,
348 2770 434 2854 quod
463 2769 598 2856 uterque
624 2775 703 2835 tunc
731 2769 917 2853 incolumis,
947 2771 1032 2854 quod
1056 2776 1190 2856 penates

306 2983 322 3032 3
350 2977 549 3060 [cousuetudo]
579 2978 621 3032 Gr
651 2981 661 3046 l
692 2984 711 3058 4
736 2977 810 3061 iuter
837 2994 866 3034 ae
894 2995 944 3036 cm.
972 2983 993 3030 B
1025 2981 1034 3049 ΙΙ
1065 2985 1082 3034 6
1108 2978 1192 3036 ludus

227 3053 266 3102 Db
289 3052 298 3120 ΙΙ
320 3049 464 3121 trist[1t]ia
487 3047 532 3104 Rc
554 3051 564 3118 l
589 3055 605 3104 8
624 3053 793 3120 germmarit
810 3055 830 3102 1’
852 3051 862 3120 ΙΙ
885 3057 901 3105 9
922 3058 953 3106 Ν
973 3055 998 3103 Δ
1013 3053 1085 3176 l3¹⁰
1104 3067 1122 3104 a
1140 3067 1191 3106 om.

227 3124 251 3173 Δ
273 3121 282 3191 l
306 3126 339 3176 12
363 3119 559 3176 munientibus
584 3125 620 3188 Δ,
648 3118 898 3188 censentibus,
926 3137 994 3178 corr.
1042 3139 1062 3176 c
1083 3123 1093 3190 fl
1115 3122 1191 3178 idem

227 3195 351 3263 nult
370 3190 481 3248 obicere
500 3196 541 3246 Aa
562 3192 573 3261 [l
597 3198 630 3248 1⁶
650 3191 772 3247 muravit
788 3195 918 3263 ΔΒ-ΡΙΙ
934 3199 967 3248 17
984 3196 1091 3261 quanto
1109 3193 1139 3248 in
1157 3209 1191 3248 ec

227 3279 274 3317 me
291 3280 327 3318 ne
346 3264 535 3333 reprimam!
558 3266 569 3334 l
593 3271 626 3320 18
644 3262 730 3319 nullis
747 3263 846 3332 poenis
863 3279 914 3318 cra.
934 3268 974 3316 Aa
995 3265 1005 3333 ΙΙ
1030 3269 1063 3318 19
1081 3264 1191 3318 nullam

227 3333 458 3459 gffinmrgniuml
480 3337 491 3406 ss
512 3335 584 3390 iram
603 3353 664 3390 esse
682 3338 703 3386 B
722 3335 732 3402 l
749 3334 863 3404 pensari
880 3337 945 3402 AB,
964 3349 1032 3390 corr.
1054 3333 1111 3390 Obr
1128 3336 1139 3403 l
1156 3341 1189 3389 21
