2668 3968
350 155 666 214 Dncnsnssronns
695 154 862 214 conxvlu.
1037 153 1081 222 93

124 321 243 388 hebere
266 317 476 406 philosophia
497 317 727 406 praestantius,
751 338 849 404 quem
872 316 958 404 quod
981 315 1081 384 modi·

123 409 170 476 oie
190 412 345 476 contente
363 411 422 494 est,
446 407 617 493 ampliores
637 428 714 493 opes
732 429 799 474 non
813 407 983 474 desideret.
1006 427 1082 474 nem

122 498 150 564 si
178 497 375 584 cupiditates
404 496 534 564 eusdem
571 518 650 583 ques
679 495 780 564 oeteri
815 495 981 579 hebe[n].t,
1016 517 1082 562 non

122 587 230 672 video,
263 585 340 672 qnid
363 585 475 670 prosit.
520 584 636 671 Neque
666 606 718 652 me
747 584 919 670 praeterit,
951 583 1082 668 iudices,

123 697 221 762 quem
253 674 358 742 multe
386 673 451 740 diui
479 673 634 740 adversus
661 673 746 778 hono
772 673 1008 760 professionem
1041 672 1118 742 ebe

18 837 20 870 ,
122 781 173 848 his
206 781 334 848 solenni
367 780 437 862 [sed
463 801 604 866 persone
634 779 693 848 fris
723 780 788 848 mei
811 779 948 866 impedit
971 800 1022 846 me
1045 781 1083 846 ut

123 889 184 956 ego
212 869 379 938 nordico
408 890 491 956 ques
518 873 655 956 possunt
683 873 797 937 oontre
827 868 1083 956 philosophum,

122 980 261 1044 quorum
282 957 471 1025 libertatem
493 978 559 1025 non
577 957 758 1044 impediunt
776 978 942 1043 personae.
964 957 1083 1043 quippo

123 1047 184 1114 hos
209 1047 260 1114 illi
283 1052 317 1114 et
338 1069 441 1114 venos
464 1050 584 1116 roonnt
607 1051 641 1112 et
664 1047 787 1114 otiosos
810 1048 901 1114 etin
924 1045 1083 1112 ambitum
1209 1097 1215 1110 .

122 1137 241 1222 ipsupn,
264 1139 379 1202 eontra
402 1157 497 1222 quem
521 1135 661 1202 menime
679 1135 836 1202 disserere
854 1135 1014 1218 videntur,
1037 1135 1083 1200 el·
1103 1152 1136 1203 10

121 1225 258 1312 ligatos:
292 1224 374 1290 mihi
397 1246 470 1291 oum
494 1223 594 1292 fretre
618 1225 766 1310 quaestio
791 1227 849 1292 est
891 1223 980 1290 Hoeo
1004 1243 1082 1310 ergo

121 1314 246 1380 leviore
269 1312 389 1380 dixisse
413 1313 492 1380 setis
515 1316 575 1397 est,
597 1313 840 1399 philosophiam
858 1334 925 1380 non
944 1332 1014 1378 esse
1032 1332 1085 1376 ne·

122 1402 308 1470 oeeseriem.
331 1422 392 1488 ego
416 1403 502 1468 enim
525 1423 632 1468 mores
654 1401 744 1468 nessi
767 1406 847 1486 puto
870 1405 904 1466 et
920 1399 1085 1486 propriam

121 1491 279 1578 uniusque
301 1497 438 1557 noturee
461 1491 625 1558 virtutem.
655 1491 726 1558 elie.
743 1489 883 1558 forsitan
906 1490 1085 1574 discentur3

123 1581 282 1666 quaedem
297 1579 525 1666 experimentis
537 1579 764 1666 cognoscendo
777 1583 867 1646 sunt:
885 1577 964 1645 boni
978 1597 1085 1645 mores
1106 1595 1138 1646 se

122 1663 277 1736 oonste'nt
291 1669 469 1736 noluntete.
491 1668 525 1735 id
536 1667 793 1754 petersdirersis
804 1665 1085 1752 utriusquepartis

122 1757 281 1844 exemplis
305 1761 424 1844 potest.
446 1777 523 1824 nem
547 1761 580 1822 et
603 1757 745 1843 optimos
768 1756 856 1824 viros
881 1757 963 1823 eitre
982 1754 1086 1840 philo·

124 1847 275 1932 sophiam
307 1845 412 1912 fuisso
443 1846 608 1912 constabit
640 1850 673 1912 et
709 1845 872 1913 studiosos
905 1843 1087 1930 supientiae

123 1956 228 2020 usque
262 1934 303 2001 nd
336 1935 453 2002 ultime
486 1935 635 2021 exemplo
665 1934 822 2004 soelerum
858 1933 1116 2020 nequitiaeque.

124 2023 263 2089 venisse.
308 2024 499 2108 nonenim,
528 2028 566 2090 ut
587 2021 717 2110 opinor,
740 2045 779 2090 ex
802 2023 940 2090 istorum
964 2021 1085 2088 roholis
1105 2039 1139 2090 so

124 2111 360 2178 abstinentium
379 2111 519 2180 didioere
533 2110 684 2196 Febrioii,
698 2109 790 2178 Ourii
806 2133 874 2196 neo,
892 2115 930 2178 ut
949 2114 1087 2178 mortem

124 2204 382 2286 contemnerem,
404 2199 496 2268 Deoii
519 2202 683 2268 oonseeuti
703 2204 780 2267 sunt
799 2202 885 2283 [neo]
904 2203 1014 2267 vetere.
1032 2198 1087 2265 ho-

18 2329 20 2340 ι
125 2311 199 2356 rum
230 2289 422 2375 explioendo
453 2293 672 2360 monuments.
717 2289 796 2356 tulit
826 2289 942 2356 oivites
972 2285 1088 2375 populi

126 2377 270 2444 Romeni
288 2377 479 2446 liberatores
494 2375 623 2462 Brutos,
641 2378 720 2446 tulit
733 2376 899 2462 (lumillos,
913 2380 1089 2462 antequem

126 2466 195 2533 ulle
221 2467 317 2534 istius
346 2467 427 2534 ortis
458 2466 624 2534 simulatio
653 2467 825 2552 irreperet.
869 2466 936 2532 iem
959 2486 1036 2532 vero
1061 2464 1088 2531 si
1107 2480 1142 2532 eo

127 2575 166 2622 ex
195 2555 322 2622 disemo
350 2555 470 2623 intueri
497 2556 639 2641 plooeet,
671 2555 743 2640 quis
770 2553 916 2640 ignoret,
949 2573 988 2620 ex
1017 2553 1090 2638 ipse

126 2641 288 2728 Sooretis,
321 2665 385 2732 quo
413 2645 502 2712 uelut
535 2644 624 2712 fonte
651 2643 758 2710 omnis
785 2640 994 2728 philosophie
1022 2661 1089 2706 me·

198 2788 214 2838 8
238 2781 454 2854 vituperetio
478 2781 725 2866 phinlosophiue
748 2786 772 2836 Δ
794 2784 803 2854 11
826 2779 959 2909 hebfflt
976 2779 1022 2837 Ro
1041 2780 1051 2850 11
1073 2785 1090 2836 t

126 2868 218 2924 neque
238 2868 256 2910 e
273 2869 318 2912 me
335 2853 469 2926 poterunt
486 2853 593 2909 sudines
611 2853 654 2924 111
669 2858 685 2910 5
703 2853 739 2910 nb
759 2852 879 2924 1110116
971 2866 1091 2923 persone

126 2922 146 2979 f.
166 2941 204 2980 m.
223 2923 243 2982 i.
261 2942 299 2979 m.
317 2931 345 2982 u:
364 2940 389 2982 e.
408 2943 434 2980 n.
454 2923 480 2980 d.
500 2941 526 2994 q.
545 2941 572 2994 p
593 2940 615 2982 o.
636 2923 837 2996 philosophum
855 2939 905 2980 om.
924 2927 970 2978 ho
989 2928 1014 2980 et
1033 2923 1090 2994 ple·

127 3009 229 3066 sueque
246 2995 324 3061 eninr
342 2996 459 3064 solone
474 2996 574 3066 pauco
592 2996 817 3052 omentuuerto
836 2996 866 3050 et
879 3009 999 3065 persone
1012 2992 1090 3050 frutr.

128 3065 195 3137 imp.
214 3081 260 3122 me
279 3083 305 3121 u.
325 3082 350 3124 s.
369 3084 395 3122 n.
415 3065 441 3124 d.
461 3081 487 3136 q.
507 3083 532 3137 p.
553 3082 576 3123 o.
616 3065 796 3136 hiloeophnm
817 3070 879 3136 post
903 3063 1030 3134 quaestio
1049 3065 1093 3120 est

128 3135 160 3192 ies
178 3151 246 3192 uere.
266 3141 300 3192 11
319 3137 487 3206 memnon
503 3143 536 3194 10
553 3135 582 3192 vi
604 3139 665 3194 etur
682 3140 729 3190 Ac
747 3136 756 3207 11
776 3141 810 3194 18
829 3135 920 3262 enim}
934 3136 1029 3190 nutem
1047 3133 1092 3206 Δ11

127 3205 318 3281 (nobiseum)
336 3207 413 3264 neeri
432 3206 470 3278 (Ρ)
488 3207 533 3265 Ro
550 3207 560 3276 11
585 3212 617 3264 19
636 3206 699 3264 noel.
719 3208 804 3277 utque
822 3205 907 3276 nequi
921 3204 1003 3262 luen
1026 3207 1035 3278 1
1058 3210 1091 3262 21

129 3293 248 3376 seuseu
266 3295 310 3366 nn
324 3299 357 3350 re
383 3295 458 3370 [noo]
479 3295 520 3354 or
541 3297 551 3366 1
578 3301 612 3354 su
631 3294 730 3366 populi
745 3284 773 3350 si
791 3299 826 3362 s,
849 3292 961 3420 populu
984 3297 1005 3348 e
1027 3297 1036 3368 1
1058 3299 1093 3350 ee

128 3365 274 3449 liberiores
291 3371 456 3450 nunoorr.
474 3367 554 3442 Aerll
573 3367 701 3428 (lemelos
720 3369 762 3424 Αι
773 3366 783 3435 11
798 3371 831 3422 27
850 3381 884 3422 ve
897 3364 921 3422 it
938 3367 1092 3438 stennon

129 3437 174 3506 111
187 3437 351 3510 philosophi
369 3455 426 3496 nnn
444 3454 517 3494 mun.
536 3443 570 3507 Ι,
590 3435 770 3510 philosophie
788 3452 932 3494 emanasse
951 3443 968 3490 ο
