2682 3956
222 130 291 195 420
484 132 488 138 ’
591 127 822 194 QUINTILIANI

292 290 570 368 Quemadmodum
598 290 742 356 occidere
771 290 867 356 volo?
914 290 1094 356 conducam
1116 311 1190 376 per·

224 381 412 447 cussorem‘l
435 379 614 458 insidiabor
627 379 871 463 peregrinanti?
894 379 977 445 nihil
991 378 1107 444 horum
1121 383 1189 446 ost:

225 491 315 535 meas
344 491 457 534 manua
485 467 621 555 inquino
644 472 678 532 et
702 467 748 532 sic
770 490 851 552 paro
875 489 1048 552 venenum,
1076 471 1114 533 ut
1137 469 1190 534 de-

225 558 416 642 prehendar.
462 561 588 624 secreta
610 559 687 622 sunt
708 556 943 640 parricidarum
966 556 1099 623 scelera.

189 661 208 712 o
293 644 378 731 „Gur
401 666 489 732 ergo,
512 644 627 731 inquit,
649 665 808 709 venenum
831 644 1022 710 habuisti?“
1049 644 1190 711 Omise-

228 758 299 801 ram
321 735 509 800 liberandae
529 733 768 800 adulescentiae
782 755 874 799 meae
889 737 1012 799 sortem
1036 737 1069 798 et
1091 734 1189 800 malis

224 845 355 909 quoqne
387 823 468 908 ipsis
498 823 646 888 tristmra
675 823 833 888 remedia!
879 822 1098 888 excusandum
1128 826 1190 906 est,

228 912 314 996 quod
335 933 377 977 ne
401 912 567 995 diluerem,
589 910 673 976 mori
691 911 872 977 volueram:
894 915 928 975 et
945 910 1081 977 ultimae
1100 912 1190 998 cogi-

226 1000 371 1066 tationes
395 1004 589 1066 revocantur
611 999 651 1064 ad
670 999 817 1063 indicem.
847 999 945 1083 paulo
964 999 1071 1064 minus
1090 1020 1190 1083 qnam

175 1092 304 1173 10post
330 1087 401 1153 fata
429 1107 576 1154 arcessor
601 1109 685 1152 reus.
730 1085 787 1152 sed
810 1108 851 1152 ne
874 1086 987 1152 fallam
1009 1090 1056 1167 te,
1084 1092 1189 1172 pater,

226 1175 429 1262 respondebo
453 1176 560 1243 verbis
583 1175 735 1242 fortunae
759 1197 859 1260 meae,
881 1176 1083 1260 respondebo
1103 1176 1190 1259 quod

225 1267 327 1349 soleo,
344 1265 378 1330 id
397 1269 457 1349 cst,
476 1287 544 1330 non
562 1265 647 1330 alius
664 1286 747 1348 reus,
766 1285 864 1347 qnam
882 1264 983 1329 filius:
1001 1263 1084 1329 mori
1103 1266 1188 1330 volo.

226 1353 253 1419 Ο
278 1357 399 1438 quanto
422 1352 552 1420 facilius
575 1353 636 1418 tibi
665 1353 781 1418 mortis
804 1373 931 1436 causas,
962 1374 1061 1437 quam
1083 1353 1189 1437 parri·

226 1442 304 1508 cidii
325 1442 473 1510 raddaml
509 1443 610 1508 burno
633 1441 757 1526 passim
781 1441 924 1506 obiectas
948 1444 982 1506 et
1004 1441 1189 1528 publicatas

175 1534 357 1596 retentum
380 1553 447 1596 non
469 1531 627 1596 transibo.
668 1531 751 1594 mori
773 1529 871 1595 volni.
912 1530 1040 1614 quaeris
1064 1531 1189 1614 quare?

226 1620 304 1705 quia
332 1623 532 1685 natussum
561 1619 601 1684 ad
631 1619 779 1683 miserias
811 1618 997 1704 hominum,
1030 1618 1190 1702 incendia,

225 1707 343 1774 naulra
370 1707 414 1791 ἰ,
437 1707 531 1773 bella.
569 1706 693 1791 felices,
721 1707 778 1791 qui
801 1728 860 1771 suo
884 1707 1020 1773 arbitrio
1044 1706 1189 1772 moriun-

226 1800 289 1861 tur.
325 1728 472 1881 ›icipia
494 1796 610 1881 inquit,
633 1796 715 1861 bene
738 1795 859 1860 habat‹
882 1793 976 1882 (puto
1001 1795 1078 1880 quia
1099 1796 1190 1862 ultra

227 1888 432 1969 pugnaturus
456 1906 523 1950 non
546 1883 630 1970 erat)
655 1883 753 1950 Octo:
776 1906 855 1948 num
879 1888 913 1948 et
935 1884 992 1950 ille
1015 1882 1188 1968 peccavit?

173 1985 209 2037 ιο
227 1972 313 2038 idem
337 1972 410 2057 feci,
433 1974 519 2058 quod
542 1971 634 2039 Oato.
680 1974 721 2039 ad
744 1973 885 2056 quietem
908 1972 970 2038 hoc
992 1973 1056 2038 iter
1080 1975 1131 2038 est
1153 1977 1189 2038 et

228 2061 331 2126 dulcis
364 2061 523 2146 quaedam
558 2063 598 2128 ad
631 2062 837 2126 securitatem
869 2061 931 2127 via.
978 2082 1078 2146 quare
1105 2061 1191 2126 mori

226 2149 385 2216 voluerim
408 2152 559 2237 quaeris?
588 2152 642 2215 en!
665 2150 742 2233 quia
763 2150 849 2234 vivo,
871 2171 946 2215 reus
970 2169 1051 2215 sum.
1088 2170 1189 2234 quare

227 2239 312 2304 mori
344 2239 455 2305 volui?
501 2238 590 2306 vides
623 2240 720 2318 enim,
754 2259 793 2303 ex
822 2241 899 2303 voto
933 2238 1188 2303 adulescentiam

175 2430 209 2479 ιι
227 2325 1190 2499 itiimtalllulttqudm„liriiifflleliilqtildb

228 2504 383 2590 quidquid
401 2504 516 2590 rogavi
533 2507 576 2587 te,
594 2507 696 2589 pater,
716 2505 814 2570 etiam
833 2504 921 2568 solus
940 2503 1079 2568 exoravi.
1109 2523 1190 2588 pace

227 2593 410 2660 maiestatis
438 2597 514 2658 tuae
537 2592 659 2658 dictum
682 2593 739 2658 sit:
770 2613 837 2657 non
859 2613 969 2657 omnes
993 2596 1063 2657 tam
1085 2591 1190 2658 fortes

229 2704 355 2765 sumus,
381 2703 449 2746 non
478 2703 590 2747 omnes
618 2681 705 2746 bella
728 2681 885 2746 sustinere
907 2698 1089 2765 possumus.
1134 2680 1192 2746 sed

231 2791 299 2836 non
322 2770 469 2856 quisquis
494 2769 637 2837 occidere
659 2769 790 2834 hostem
808 2789 875 2832 non
893 2773 1012 2854 potest,
1034 2767 1190 2834 continuo

300 2984 315 3034 1
338 2979 574 3048 quemadmodum
594 2979 624 3034 et
642 2995 699 3034 occ.
715 2984 736 3032 P
750 2980 760 3048 ΙΙ
775 2985 789 3033 7
805 2977 947 3033 strictiora
960 2983 981 3031 P
994 2979 1005 3048 Ι
1020 2984 1053 3033 10
1067 2994 1193 3034 accersor
1318 3037 1322 3048 ¹

230 3055 291 3119 AB,
310 3066 437 3107 arcessor
455 3052 498 3121 Pl
514 3057 546 3105 12
566 3065 629 3105 reus
648 3066 698 3106 om.
718 3051 763 3120 Pl
778 3053 810 3104 13
829 3048 952 3104 facillius
971 3051 1066 3117 ³l14
1084 3048 1192 3104 subiec-

231 3127 277 3177 tas
294 3126 315 3174 P
330 3121 339 3192 l
355 3129 387 3178 15
406 3123 502 3177 bmen
520 3121 612 3190 Pnle
631 3124 804 3191 pugnaturus
822 3118 899 3176 ultra
915 3123 936 3173 P
958 3119 968 3189 11
990 3135 1057 3174 num
1075 3133 1126 3175 om.
1144 3126 1165 3173 P
1184 3121 1193 3192 ll

231 3197 265 3248 22
285 3192 457 3262 virumn,
477 3209 546 3250 corr.
566 3192 608 3248 Gr
630 3195 640 3263 l
662 3209 709 3260 ne,
728 3192 797 3262 quia
814 3190 921 3258 vivam,
939 3209 961 3246 r.
981 3190 1034 3244 sim
1053 3189 1108 3245 Sole
1126 3192 1136 3260 l
1157 3195 1193 3246 ιδ

229 3262 313 3318 iudex
331 3269 352 3316 P
374 3266 383 3335 l
409 3270 444 3319 24
464 3279 559 3335 egram
576 3266 606 3332 P,
625 3279 740 3334 aegram
757 3268 778 3315 P
804 3263 814 3330 l
839 3259 959 3315 nihilum
977 3277 1063 3330 quam
1080 3265 1102 3313 B
1123 3263 1134 3343 l
1157 3267 1193 3317 to

214 3332 383 3388 ,secundum
401 3339 422 3387 P
440 3337 450 3405 l
469 3337 504 3389 ad
523 3349 605 3389 nsum
623 3347 716 3389 meum
734 3337 791 3399 AB,
810 3347 880 3386 corr.
890 3331 944 3387 Scb
957 3333 966 3401 ll
980 3338 1014 3386 26
1033 3334 1146 3401 rogavit
1164 3333 1195 3387 ct

230 3404 311 3472 pstor
329 3407 381 3456 ΔΒ
394 3405 404 3471 ΙΙ
418 3411 452 3458 27
471 3407 604 3459 tamenn
