2670 3962
224 122 290 188 216
592 121 823 189 QUINTILIANI

225 289 275 351 est
297 285 359 350 hoc
383 289 502 369 tamen,
525 307 622 370 quam
646 285 731 369 quod
754 285 857 370 rapui.
890 284 1051 370 Intellego
1067 289 1186 368 autem,

224 373 464 457 iudices-hano
487 375 626 458 primam
649 373 730 437 mihi
753 373 788 437 in
807 373 868 438 hac
888 395 986 438 causa
1001 374 1185 440 habendam

226 484 296 528 esse
319 462 495 547 rationem,
517 485 559 540 ne
582 484 643 546 me,
667 462 752 546 quod
774 461 908 546 negavi,
930 462 1045 528 fecisse
1069 463 1187 528 callide

225 572 263 616 ae
286 551 430 636 maligne
455 551 656 618 existimetis.
703 550 807 634 scitis,
838 573 935 635 quam
958 551 1063 617 multa
1084 551 1189 618 faeiat

189 656 330 724 terror,
359 662 456 725 quam
478 637 584 705 multa
607 639 802 723 permisceat
824 639 969 723 fortuna,
1000 662 1073 705 oum
1096 663 1188 725 prae·

225 729 338 794 sertim
371 728 586 812 <accesserit>
622 728 662 793 ad
691 727 773 794 haee
800 732 833 793 et
865 728 1045 794 obscuritas
1077 729 1186 794 noetis

224 820 258 882 et
277 818 411 901 paulum
433 814 567 894 liberior
589 837 665 882 usus
689 817 779 882 meri.
816 816 888 903 quis
913 817 998 883 enim
1022 817 1118 882 aliter
1140 819 1186 882 vi·

223 905 324 971 tiator
353 906 424 971 est?
462 906 663 991 ignorantem
686 905 766 971 haee
788 925 854 990 me,
883 905 1023 990 a<n>tea
1044 906 1134 991 frugi
1152 912 1188 973 et

224 994 440 1077 innocentem,
463 993 543 1079 (non
567 997 617 1060 est
641 993 790 1060 dubit-ere
812 993 879 1059 iam
896 992 962 1080 fas)
986 994 1187 1060 fefellerunt:

173 1099 207 1147 10
225 1083 274 1146 ita
304 1083 449 1148 vixeram
472 1105 613 1168 semper,
640 1083 688 1146 ita
712 1084 873 1148 custodire
896 1083 1073 1166 probitatis
1095 1107 1188 1150 meae

227 1172 390 1254 cupieram
410 1171 546 1255 famam,
573 1175 610 1237 ut
633 1193 685 1238 me
708 1193 861 1257 peccasse
883 1172 1028 1238 mirarer.
1074 1172 1184 1258 itaque

227 1256 410 1346 (confiteor)
439 1263 545 1328 aetum
574 1261 613 1326 de
636 1283 688 1326 me
711 1265 797 1345 erat,
825 1261 912 1326 siin
934 1260 1033 1326 aliem
1057 1261 1186 1327 inuidis·

226 1369 303 1414 sem.
348 1371 425 1414 nam
449 1347 605 1436 (uldini)
630 1371 735 1434 neque
759 1351 800 1415 ad
822 1371 928 1435 genua
950 1349 1185 1434 procubueram

224 1459 328 1523 neque
360 1439 561 1524 propinquos
594 1442 651 1504 eut
683 1438 805 1504 amieos
838 1438 1078 1504 advocaveram.
1129 1439 1187 1504 sed

172 1541 204 1590 15
224 1526 328 1591 movit
354 1527 498 1611 puellam
526 1527 634 1611 ipsum
660 1525 710 1612 (ut
733 1526 841 1609 oredo)
865 1527 1071 1612 ignorantiae
1095 1549 1187 1594 meae

225 1614 418 1698 perieulum3
441 1619 647 1699 persuaserat
671 1617 744 1699 sibi,
766 1615 849 1680 nihil
872 1637 924 1680 me
947 1615 1063 1682 fouisse
1085 1620 1186 1682 teme-

224 1811 372 1876 negasse,
397 1815 435 1858 ex
454 1793 517 1858 hoe
534 1793 606 1877 ipso
626 1814 783 1877 apparere
801 1792 895 1858 vobis
914 1796 1037 1876 potest:
1061 1795 1188 1879 negavi,

225 1883 400 1964 postquam
438 1881 504 1946 ista
539 1881 672 1965 nuptias
710 1880 846 1964 optavit.
900 1881 1023 1966 gratias
1057 1903 1119 1968 ago
1153 1887 1188 1948 et

174 1983 209 2032 20
227 1968 402 2038 iudicibus:
435 1970 689 2039 emendaverunt
716 1969 937 2042 contumaciae
965 1993 1055 2042 meae
1089 1971 1186 2035 detri-

227 2061 387 2126 mentum:
421 2059 592 2136 amiseram
621 2057 750 2142 puellae
783 2058 928 2142 optimae
956 2059 1187 2143 condicionem,

226 2144 254 2209 si
277 2146 436 2215 vicissem.
473 2166 561 2230 ergo,
584 2146 670 2230 quod
694 2150 849 2230 superest,
872 2148 1083 2232 gratulemur.

291 2233 345 2300 Ius
369 2257 439 2302 esse
464 2239 577 2318 raptae
599 2235 733 2320 optandi
753 2236 906 2305 adversus
925 2241 1101 2321 raptorem,
1122 2235 1186 2302 hoo

224 2323 290 2386 iam
303 2345 370 2389 non
383 2344 558 2408 negamus:
578 2323 634 2388 sed
652 2324 733 2388 illud
752 2346 880 2409 quoque
899 2347 998 2410 aeque
1014 2326 1185 2391 conveniat

169 2425 204 2474 25
223 2432 355 2478 necesse
379 2415 437 2494 est,
460 2411 510 2477 bis
534 2412 689 2480 adversus
713 2414 849 2480 eundem
867 2419 1033 2498 raptorem
1052 2414 1187 2497 optandi

222 2521 288 2566 non
317 2521 387 2569 esse
416 2500 476 2564 ius.
519 2503 552 2566 et
579 2501 608 2566 si
635 2501 696 2568 hoc
727 2501 937 2584 in0eonfesso
968 2501 1075 2584 fuerit,
1101 2501 1184 2566 illud

223 2609 349 2672 quoque
373 2592 550 2673 teneamus,
574 2594 706 2676 optasse
728 2592 795 2656 iam
818 2591 970 2676 puellam.

292 2801 308 2848 2
327 2793 463 2852 iudicium
481 2803 504 2851 A
522 2801 540 2869 :l
567 2805 637 2854 4-o
655 2798 744 2854 faeiat
761 2813 785 2852 e.
803 2815 831 2866 q.
849 2798 941 2852 multa
958 2813 1009 2853 orn.
1027 2803 1048 2852 B
1076 2799 1085 2868 ll
1102 2804 1184 2854 Δ5--6

225 2883 288 2922 oum
307 2883 348 2936 pr.
366 2867 404 2924 ad
422 2867 493 2924 haee
512 2873 542 2925 et
559 2873 623 2936 AB,
643 2887 666 2926 e.
685 2886 726 2938 pr.
746 2869 871 2924 adhaec
890 2867 1050 2942 (accessit)
1068 2871 1137 2938 Aer,
1161 2889 1184 2928 e.

220 2953 263 3063 pp.
284 2939 436 3062 aeclesserit
454 2943 484 2994 et
502 2941 577 3022 obse.
597 2939 644 3022 Bu
657 2939 667 3008 l
682 2945 697 2994 7
715 2939 801 3008 paulo
819 2939 1017 3010 Bnliberioris
1035 2945 1095 3008 AB,
1115 2957 1184 2996 corr.

220 3024 268 3136 el
284 3010 970 3164 l?affl?tuttlttttssasttlrt
978 3013 1186 3154 „alpolt

220 3153 315 3222 Apu
333 3152 384 3206 sed
401 3171 420 3205 1.
440 3167 551 3220 quoque
573 3167 623 3207 om.
642 3154 687 3223 Bll
701 3159 734 3208 26
754 3171 813 3209 erus
830 3159 860 3222 B,
880 3152 907 3208 ei
925 3155 968 3209 ius
987 3154 1182 3223 Pllconfessio

222 3227 262 3275 Ab
275 3223 286 3292 ΙΙ
299 3228 405 3277 ‘le-2⁷
423 3224 569 3278 teneamus
589 3225 639 3279 sed
656 3224 728 3280 illud
747 3241 857 3294 quoque
877 3241 921 3294 op.
939 3229 960 3277 B
