2668 3968
227 145 289 210 144
590 143 823 210 QUINTILIANI

172 295 178 306 ’
226 329 380 374 mansura
398 311 448 373 est
469 307 504 372 in
522 328 594 373 meo
613 307 831 374 matrimonio.
858 305 1017 373 Misereor
1037 308 1191 392 raptoris,

225 418 329 482 neque
350 416 410 482 ege
429 399 554 481 primus
573 397 674 481 coepi.
705 396 875 462 misereor:
898 397 1020 462 amarit
1036 395 1191 463 fortasse

225 489 263 550 ut
281 484 387 552 scelus
405 485 607 552 commiserit
624 484 740 569 homo,
758 485 835 550 dum
853 484 1070 569 periclitatur,
1090 485 1193 551 etiem

226 574 336 659 imago
359 595 483 659 poenae
501 596 554 640 me
573 573 751 640 confundit.
781 574 846 640 hoc
864 595 938 640 oum
955 573 1037 639 mihi
1056 573 1192 659 accidet,

190 663 303 748 equid
334 663 478 730 accidere
507 666 618 748 potest
643 661 797 748 puellae?
852 685 957 748 neque
989 683 1050 749 ego
1083 666 1194 729 tamen

224 752 316 818 illum
340 751 485 819 defendo.
516 751 595 818 fecit
614 753 700 818 euim
718 773 788 818 rem
808 752 1001 836 improbam,
1024 751 1103 818 fecit
1119 773 1190 818 rem

223 841 454 907 inconsultam:
478 840 534 906 sed
555 840 707 925 exulavit,
731 841 787 906 sed
807 840 922 907 abfuit.
954 839 1045 906 Haec
1064 841 1091 906 si
1111 863 1187 906 con-

222 929 368 995 fiderem:
387 929 468 996 illud
488 952 564 995 vero
584 929 625 995 ad
644 932 751 994 metus
769 929 920 1013 pertinet
940 933 1103 1032 ettamen
1122 951 1191 995 non

173 1123 205 1172 10
223 1018 352 1191 titt?
377 1039 482 1172 lta
505 1018 923 1174 {tltlmtltlttss
944 1018 1188 1191 lettltt:

224 1199 262 1261 ut
288 1217 428 1278 amarer,
460 1196 528 1262 scio
554 1196 757 1280 obsequium,
789 1196 855 1262 scio
886 1197 1001 1261 omnia
1019 1195 1191 1262 maritalia
1323 1228 1326 1237 ·

224 1283 332 1350 officia
358 1285 456 1369 plena
478 1285 683 1370 indulgentia
705 1289 923 1351 consecutum
968 1285 1049 1351 illud
1072 1285 1188 1350 dubito

224 1373 346 1458 qui<d>
361 1373 475 1458 possit,
489 1395 562 1439 cum
577 1372 692 1439 educta
705 1373 805 1438 fuerit
818 1374 859 1439 ad
874 1375 1098 1460 magistratus,
1116 1394 1192 1440 cum

223 1462 279 1528 ille
311 1462 475 1546 periturus
503 1463 641 1528 iacuerit
667 1463 709 1528 ad
745 1463 858 1547 pedes,
890 1485 964 1528 cum
995 1462 1186 1548 produxerit

172 1567 204 1618 rc
223 1552 437 1635 propinquos,
464 1573 539 1616 cum
567 1552 698 1618 amicos.
743 1573 844 1638 quare
871 1552 957 1617 alius
980 1552 1068 1617 dicat
1090 1552 1185 1617 uxori

224 1660 328 1704 meae:
351 1660 446 1705 »amo
471 1643 504 1706 et
527 1638 599 1706 ideo
622 1640 761 1724 rapum?
793 1662 894 1726 quare
916 1641 969 1727 sit,
991 1640 1047 1725 qui
1071 1644 1185 1707 contra

224 1748 275 1792 me
290 1727 390 1794 dicat:
409 1727 667 1812 »misere<re>e?
681 1730 782 1795 timeo
795 1729 941 1795 favorem
955 1730 1049 1795 illum
1064 1730 1186 1814 populi,

223 1815 477 1882 misericordiam
505 1817 656 1883 civitatis.
702 1818 779 1904 quid
806 1822 917 1884 autem
944 1819 1015 1884 fieri
1043 1818 1188 1904 iniquius

222 1907 345 1989 potest,
373 1927 469 1990 quam
497 1906 615 1972 abduci
642 1907 723 1974 mihi
752 1929 898 1992 uxorem,
925 1911 1060 1993 propter
1087 1929 1191 1992 quam

170 2010 205 2060 20
224 1993 398 2078 aliquando
428 1998 541 2080 raptor
564 2018 661 2062 ausus
683 1997 728 2061 sit
750 1996 891 2062 reverti?
928 1997 985 2084 qui
1006 1997 1077 2082 ipse
1101 1998 1184 2063 satis

223 2081 390 2166 indicavit,
417 2104 484 2150 nou
510 2101 580 2149 esse
607 2084 675 2170 legi
697 2084 819 2168 locum,
843 2105 914 2151 com
942 2107 1092 2151 reversus
1125 2091 1184 2153 est.

224 2171 392 2237 confundit
414 2194 466 2238 me
488 2173 629 2239 maxime
650 2195 724 2258 spes
741 2173 845 2240 illius:
869 2194 944 2240 cum
961 2175 1093 2240 timeret
1110 2196 1187 2259 pro-

223 2259 323 2346 fugit:
349 2266 384 2326 at
404 2283 490 2327 nunc
513 2262 605 2328 educi
628 2263 818 2346 repetitur.
1185 2335 1187 2340 ,

291 2347 465 2416 Silentium
492 2351 621 2435 quidem
649 2353 759 2417 uxoris
784 2373 876 2418 meae
899 2373 959 2438 ego
983 2374 1187 2436 veronaque

172 2453 206 2504 cc
226 2442 413 2522 suspectum
440 2439 560 2523 habeo,
585 2461 689 2525 neque
716 2441 832 2508 timeo:
860 2441 953 2507 decet
979 2441 1041 2508 hoo
1065 2445 1185 2506 matro-

224 2527 334 2592 nalem
356 2527 525 2616 pudorem;
550 2531 582 2595 et
605 2529 635 2594 si
653 2529 769 2595 educta
789 2529 830 2594 ad
848 2530 1060 2616 magistratus
1078 2529 1187 2613 fuerit,

224 2615 287 2682 hoc
319 2616 411 2682 illam
443 2618 583 2698 manime
616 2617 777 2684 facturam
810 2619 965 2701 arbitror,
1002 2623 1040 2682 ut
1070 2620 1190 2684 taceat.

226 2725 335 2788 quare,
366 2726 470 2790 socer,
501 2711 538 2772 tu
566 2710 653 2790 opta
691 2707 721 2772 si
746 2707 809 2774 hoc
837 2707 996 2793 quaesisti
1024 2705 1188 2772 educendo

199 2795 390 2876 ‚raptorem
413 2795 454 2859 ad
476 2799 702 2880 magistratus,
725 2799 763 2861 ut
786 2795 1007 2880 confunderes,
1031 2798 1068 2861 ut
1090 2797 1189 2860 terre-

172 2899 206 2948 ao
225 2901 292 2962 res,
319 2883 356 2946 ut
379 2885 413 2946 te
436 2886 526 2948 metu
548 2884 636 2948 illius
660 2884 859 2951 vindicares:
885 2885 1087 2951 intellectum
1111 2884 1189 2949 arti-

300 3010 314 3058 1
335 3004 477 3069 misexxe
495 3009 545 3074 Aa,
562 3005 667 3060 miseor
686 3010 726 3059 ab
741 3008 761 3132 ll

229 3089 282 3145 ego
301 3091 353 3131 em.
371 3078 444 3144 w
464 3076 588 3132 exolevit
604 3079 668 3147 Asfl
687 3093 740 3133 con
761 3077 827 3133 dere
845 3080 889 3149 ΒΗ
905 3083 937 3131 11
957 3076 1122 3133 obsecutum
1139 3080 1193 3143 u,

229 3163 300 3202 corr.
318 3149 378 3203 edd.
397 3150 407 3218 l
426 3153 459 3202 la
478 3145 567 3221 qui<d
606 3147 661 3203 Sola
678 3149 688 3217 l
708 3154 742 3203 14
760 3148 868 3204 acuerit
884 3152 919 3214 B,
944 3147 1079 3204 acurrerit
1096 3153 1117 3200 Ρ
1134 3148 1144 3218 fl
1159 3152 1192 3201 15

229 3217 309 3273 viror
325 3221 389 3290 Ml
406 3223 436 3273 17
455 3219 541 3274 miser
578 3217 629 3292 re>
649 3220 705 3274 Obr
718 3221 728 3288 ll
743 3223 776 3274 18
795 3218 849 3274 feri
866 3224 889 3271 Δ
901 3221 912 3289 l
924 3218 961 3273 in.
980 3219 1063 3287 pater
1079 3218 1139 3287 pot.
1157 3218 1193 3290 'l

230 3295 263 3342 21
283 3288 421 3345 indicavit
438 3294 504 3356 n,
521 3306 591 3345 corr.
609 3289 655 3344 Ro
677 3292 687 3360 l
709 3290 786 3359 quod
803 3294 869 3357 n,
888 3307 951 3344 cum
971 3290 1023 3358 (ecl
1040 3305 1088 3358 eo,
1107 3289 1193 3360 quod)

228 3359 273 3414 Ro
287 3360 296 3428 ΙΙ
310 3365 344 3414 23
364 3376 398 3416 ao
416 3365 475 3428 n,
494 3360 620 3416 corallo
633 3363 644 3430 {1
657 3366 691 3415 26
710 3377 763 3416 nec
779 3362 872 3430 81126
891 3359 932 3416 sic
950 3361 1036 3417 ducta
1054 3362 1147 3430 3130
1164 3359 1194 3416 te

228 3431 289 3486 met
304 3429 381 3485 illius
399 3435 433 3498 B,
452 3434 540 3487 temet
557 3432 634 3487 illius
651 3436 671 3483 1·

754 3003 1193 3076 ltmiseortllerravillt
