2670 3962
231 151 297 217 242
477 183 482 197 ·
599 149 829 216 QUINTILIANI

231 313 493 380 adulescentulus
520 313 654 380 interim
682 313 809 379 rudis
798 335 833 378 ιιι
856 315 913 380 illa
935 316 1022 381 nube
1045 317 1199 404 pulveris,

230 405 271 472 ιιι
290 403 351 469 illa
374 403 563 470 confusione
581 404 820 506 permixtarum
843 403 1006 488 utrimque
1028 405 1196 490 legionum

233 493 339 558 virum
357 492 477 560 fortem
497 493 588 577 sequi
607 513 673 557 non
691 490 809 576 potuit
833 495 868 556 at
886 513 946 577 ego
965 493 1080 558 infelix
1093 496 1195 561 etiam

229 582 387 647 invidiam
415 581 483 646 filio
512 581 576 646 feci
601 585 635 646 et
658 580 764 665 spolia
786 601 820 644 re
822 581 898 665 tuli,
930 603 993 667 quo
1016 583 1123 649 minus
1144 585 1196 648 illi

194 672 461 756 oignosceretur.

299 758 370 835 Quo
389 780 442 824 me
461 758 561 842 ducis,
585 757 714 823 anime?
739 779 802 842 quo
823 779 874 822 me
892 759 1007 844 trahis,
1026 760 1194 828 adfectus?

229 850 337 933 placet
361 869 471 914 causa.
499 846 554 914 sed
578 845 666 912 aliud
691 847 811 949 optavi.
856 847 939 912 nihil
955 853 1023 933 est,
1046 849 1131 933 quod
1155 872 1194 916 ex

229 958 302 1002 meo
337 936 451 1002 favore
487 957 611 1021 speres,
646 935 770 1001 iuvenis
802 935 1038 1022 infelicissim03
1070 939 1194 1004 nullam
1321 951 1322 968 ³

229 1024 381 1090 fiduciam
401 1047 439 1090 ex
457 1024 520 1091 hac
538 1025 833 1111 quantulacumque
848 1046 965 1109 operae
980 1043 1071 1093 meae
1085 1028 1195 1112 gretia

179 1132 213 1181 ιο
233 1114 355 1198 capias:
387 1114 590 1180 moriendum
622 1117 681 1178 est.
735 1113 870 1179 debetur
902 1115 965 1181 hoc
993 1137 1071 1181 sane
1101 1116 1195 1182 disci·

231 1204 341 1289 plinac
360 1202 505 1289 militari,
524 1202 661 1269 debetur
678 1204 859 1268 castrorum
880 1204 1056 1270 severitati.
1079 1205 1195 1270 infelix

230 1293 417 1359 exeuntium
448 1314 542 1358 omen
565 1292 767 1375 miseraeque
791 1293 968 1375 primitiae!
1002 1294 1031 1359 si
1054 1293 1193 1359 alterum

230 1381 343 1467 utique
367 1403 406 1447 ex
425 1381 522 1447 domo
541 1384 656 1447 nostra
675 1380 899 1466 destinabatis,
922 1403 979 1447 cur
996 1404 1064 1448 non
1083 1403 1193 1447 senem

229 1470 339 1556 potius
370 1469 541 1536 traxistis?
577 1469 653 1555 quid
681 1491 768 1534 nunc
795 1470 858 1534 tibi
885 1470 1046 1555 proderit,
1079 1472 1194 1536 miser-

178 1575 211 1626 15
229 1561 312 1625 rime
332 1558 529 1643 adulescens,
548 1559 633 1644 quod
652 1559 817 1623 modestus
837 1559 872 1622 in
890 1580 979 1644 pace,
997 1561 1083 1645 quod
1097 1560 1196 1645 pius?

230 1652 264 1715 et
300 1647 327 1714 si
361 1669 421 1714 oon
422 1648 554 1733 ttigisse
539 1647 707 1714 ιιιιιιιιι
743 1645 871 1712 felicior
908 1649 1013 1733 quies,
1049 1651 1194 1734 optimus

229 1737 316 1801 filius
341 1757 419 1802 eras.
457 1735 663 1803 Moriendum
687 1737 746 1799 est.
769 1735 847 1817 quid
869 1735 932 1801 tibi
955 1738 1153 1822 praestare
1144 1759 1195 1802 ιιι·

229 1825 306 1890 felix
329 1830 422 1910 pater
444 1825 601 1910 possum?
639 1844 712 1888 cum
736 1822 877 1908 duceris,
903 1825 1001 1911 flebo,
1028 1827 1195 1912 plangam.

229 1914 305 1994 hos,
345 1937 426 2000 quos
460 1934 662 1999 sumpseram
694 1911 790 1976 modo
823 1934 861 1978 ex
894 1878 1032 1981 victoria
1063 1915 1194 2000 publica

177 2020 212 2069 ιι)
231 2003 335 2069 laetos
363 2004 509 2087 habitus,
538 2001 696 2068 abducite.
746 2003 849 2067 merui
877 1938 1085 2070 ambitiosusp
1099 2027 1142 2089 pa
1143 2009 1195 2068 ter

231 2092 370 2177 scilicet,
399 2113 440 2156 ne
463 2091 540 2177 quid
563 2090 601 2155 de
624 2089 759 2154 militari
783 2092 956 2158 severitate
979 2093 1197 2176 detraherem,

229 2202 271 2246 ne
299 2179 428 2247 viderer
454 2180 506 2245 vir
531 2178 626 2245 fortis
657 2178 816 2244 desertori
838 2181 1014 2266 ignoscere.
1060 2185 1194 2248 conten·

229 2273 283 2335 tus
314 2270 362 2336 fui
389 2272 465 2354 post
491 2271 544 2334 tot
566 2269 697 2352 merita,
727 2268 858 2334 favente
880 2273 954 2335 tota
977 2271 1124 2354 civitate,
1157 2273 1195 2335 ut

229 2361 359 2424 tuntum
387 2358 542 2423 innocens
570 2378 683 2422 essem.
730 2361 763 2423 et
793 2378 879 2443 ecce,
910 2359 976 2425 iam
999 2359 1193 2425 miserantes

176 2462 210 2513 25
229 2447 322 2513 video
349 2446 494 2512 iudicum
522 2446 645 2531 vultus,
679 2447 880 2531 quorundam
910 2446 1195 2532 deprehenduntur

228 2536 392 2602 lacrimae.
428 2535 521 2618 potui
538 2535 613 2620 plus
633 2540 756 2620 optare,
778 2537 880 2621 potui.
918 2537 965 2602 sic
983 2556 1111 2621 quoquc
1130 2555 1193 2620 ego

227 2628 271 2710 te,
293 2625 350 2708 fili,
374 2622 485 2690 occidi.
523 2627 594 2689 ott
595 2649 625 2709 u,
648 2625 794 2711 quisquis
818 2647 862 2708 cs,
884 2625 919 2688 ιιι
938 2645 1032 2708 quem
1052 2624 1192 2689 transfe-

228 2717 280 2779 ret
280 2735 319 2777 ur
265 2712 404 2779 thoc
426 2712 541 2779 infelix
559 2714 785 2796 ministerium,
808 2733 974 2797 supremas
994 2712 1069 2778 audi
1087 2714 1192 2799 patris
1324 2739 1325 2752 ¹

228 2801 402 2866 miserrimi
420 2823 524 2869 voces.
552 2802 616 2870 hoc
634 2803 751 2869 saltem
769 2801 920 2867 fortunae
938 2823 1030 2868 meae
1048 2805 1193 2918 praestes·

72 2909 78 2918 ·
176 2889 332 2956 sesemel
354 2890 461 2957 ferias.

300 3089 317 3138 2
335 3085 485 3155 utrumque
504 3089 545 3138 Aa
558 3085 658 3154 B-l’fl
676 3090 694 3139 4
712 3082 760 3152 qui
778 3083 869 3139 minus
888 3089 929 3138 Διι
942 3087 981 3155 l⁶
1001 3086 1068 3140 ante
1086 3101 1131 3140 me
1150 3089 1192 3137 Aa

227 3155 301 3223 31Ιῖ
321 3159 364 3210 est
382 3173 431 3212 om.
451 3156 525 3225 3118
544 3172 588 3211 me
607 3156 653 3224 ΔΙΙ
670 3154 780 3211 invenis
798 3157 845 3224 Al
866 3161 900 3209 12
919 3171 1023 3211 nomen
1040 3158 1132 3225 31116
1151 3155 1192 3210 fe·

228 3225 331 3280 licitati
344 3230 400 3296 AB,
419 3243 488 3284 corr.
504 3226 558 3294 Gr,
580 3226 633 3281 toli
643 3226 731 3281 aetati
746 3226 802 3282 Obr
815 3230 825 3296 ΙΙ
838 3232 871 3280 21
891 3226 985 3295 quisti
998 3227 1009 3296 l
1022 3232 1129 3282 26-2'1
1151 3226 1192 3281 sic

230 3313 283 3366 ego
301 3299 330 3352 tc
349 3314 460 3368 quoque
478 3297 536 3353 filio
555 3299 718 3366 lilii-28
736 3297 943 3352 transferturl
