2668 3968
237 164 280 230 80
600 162 831 229 QUlNTlLIANl

236 328 317 410 dico,
335 327 469 394 iudices:
486 325 796 412 perniciosissimam
814 347 885 392 esse
904 326 1030 392 civitati
1048 327 1133 391 hanc
1152 327 1197 391 le·

236 436 313 502 gum
336 415 648 501 interpretationem.
693 437 769 480 uam
797 415 825 480 si
848 415 932 500 apud
954 415 1109 482 iudicium
1131 415 1196 481 hoc

236 519 364 589 ¹semper
377 504 489 590 quaeri
502 504 542 569 de
555 505 683 587 legibus
698 507 836 589 oportet,
851 503 928 588 quid
946 504 982 568 in
999 504 1051 568 his
1065 505 1199 585 iustum,

236 593 314 679 quid
341 615 494 678 aequum,
526 593 603 677 quid
626 593 820 658 conveniens
844 593 888 658 sit
910 593 1051 674 civitati,
1084 614 1196 678 super-

167 743 170 750 .
200 699 374 748 ovacuum
400 681 464 747 fuit
491 681 590 746 scribi
618 681 751 747 omnino
774 682 873 766 leges.
919 686 953 746 et
975 681 1069 747 credo
1093 681 1197 746 firisse

236 776 385 856 tempora
408 770 596 855 aliquando,
618 791 701 854 quae
724 771 829 836 solam
852 774 885 835 et
906 769 1026 836 nudam
1050 770 1197 835 iustitiae

236 859 396 924 haberent
434 858 704 924 aestimationem.
758 857 820 924 Sed
853 858 1005 942 quoniam
1021 857 1117 924 .haec
1148 859 1197 923 in-

237 948 342 1033 geniis
365 948 399 1012 iu
421 947 584 1013 diversum
602 947 847 1028 traheba[n]tur
863 968 922 1012 nec
941 968 1096 1032 umquam
1115 945 1197 1012 satis'

237 1035 392 1102 constitui
414 1039 556 1120 poterat,
585 1035 662 1119 quid
690 1038 869 1120 oporteret,
897 1041 986 1101 certa
1009 1034 1127 1118 forma,
1155 1035 1198 1100 ad

185 1141 334 1209 requam
363 1125 559 1208 viveremus,
589 1124 724 1189 intituta
746 1127 804 1188 est
847 1121 938 1188 lianc
969 1124 1020 1188 illi
1047 1128 1198 1190 auctores

236 1213 346 1299 legum
369 1213 477 1278 verbis
501 1213 659 1297 complexi
682 1217 771 1294 suut3
795 1234 893 1297 quam
912 1212 940 1276 si
959 1216 1084 1278 mutare
1104 1217 1137 1277 et
1157 1212 1198 1277 ad

236 1303 397 1368 utilitates
430 1322 505 1367 suas
537 1305 720 1386 pervertere
752 1301 843 1366 licet:
879 1301 985 1366 omnis
1023 1302 1073 1365 vis
1107 1301 1199 1385 iuris,

237 1393 343 1457 omnis
367 1413 445 1456 usus
463 1391 606 1475 eripitur.
644 1411 721 1454 narn
740 1389 817 1474 quid
835 1389 980 1474 interest,
1002 1390 1112 1455 nullae
1131 1390 1200 1455 sint
1327 1447 1328 1462 ,

238 1495 280 1544 an
302 1481 443 1545 incertae
467 1479 578 1566 leges?
610 1479 663 1543 lex
685 1478 743 1543 illa
764 1479 933 1562 complexa
956 1482 1018 1544 est:
1041 1499 1086 1543 ne
1109 1479 1198 1562 pluo

186 1583 218 1632 15
238 1568 371 1652 liceat,
399 1589 512 1652 quam
538 1566 736 1631 dimidiam
762 1572 924 1650 partem,
956 1566 1112 1632 mulieri
1140 1588 1199 1631 re·

238 1656 426 1740 linquere.
470 1656 579 1721 neutri
611 1676 648 1720 ex
676 1654 740 1732 his,
773 1654 888 1739 quibus
924 1654 1089 1739 adsumus,
1122 1655 1198 1739 plus

236 1744 372 1810 dimidia
393 1748 487 1828 parte
508 1743 654 1808 relictum
677 1763 748 1807 esse
771 1742 979 1807 manifestum
1002 1748 1064 1827 est3
1088 1747 1122 1807 et
1141 1765 1199 1828 ap-

236 1837 330 1917 paret
343 1833 490 1918 potuisse
508 1832 617 1915 legum
636 1831 773 1895 latorem
789 1832 863 1914 [ut],
877 1831 905 1896 si
923 1836 1050 1915 partem
1068 1831 1200 1898 demum

237 1920 425 2006 patrimonii
447 1919 615 2004 pervenire
637 1918 678 1984 etl
700 1918 836 1986 feminas
858 1919 965 2002 vellet,
987 1924 1116 2005 partem
1134 1921 1199 1986 uti-

183 2025 218 2075 20
237 2032 298 2094 que
330 2010 407 2074 viris
434 2008 589 2092 relinqui,
619 2007 652 2072 id
680 2007 789 2092 ipsum
812 2010 978 2089 cavere[t].
1022 2029 1127 2094 neque
1164 2008 1199 2073 id

237 2119 357 2183 magno
387 2101 445 2161 aut
474 2095 599 2160 difficili
628 2095 764 2161 circuitu
796 2096 881 2162 effici
910 2097 1031 2180 potuit:
1061 2097 1118 2162 sed
1146 2099 1200 2164 vel

237 2186 285 2251 sic
308 2185 430 2269 scripta
452 2184 540 2268 lege,
562 2204 600 2248 ac
621 2183 696 2268 plus
720 2206 816 2268 quam
840 2184 974 2250 dimidia
996 2207 1073 2271 pars
1097 2187 1200 2269 patri-

236 2274 339 2338 monii
366 2273 407 2336 ad
434 2271 570 2337 feminas
593 2275 789 2356 perveniret
839 2274 1005 2357 interrogo
1034 2274 1136 2338 eninr:
1170 2275 1200 2339 si

236 2360 335 2445 (qui)
359 2360 506 2444 pluribus
529 2359 669 2444 feminis,
693 2361 749 2426 sed
771 2361 914 2426 minores
935 2361 1104 2446 aliquanto
1122 2384 1199 2448 por·
1263 2415 1268 2422 .

184 2450 343 2514 actiones
376 2448 557 2532 reliquerit,
594 2469 677 2534 quae
713 2452 824 2514 tamen
860 2453 1065 2534 computatae
1098 2453 1132 2514 et
1163 2453 1201 2515 in

237 2559 338 2602 uuum
369 2541 554 2603 contractae
586 2537 659 2620 plus
687 2559 784 2621 quam
812 2538 979 2603 semissem
1006 2539 1202 2621 patrimonii
1324 2539 1325 2550 ’

236 2626 394 2691 efficiant:
418 2646 548 2710 quaero,
571 2647 613 2690 an
636 2624 758 2690 moveri
776 2625 817 2690 lis
836 2626 964 2710 possit?
987 2648 1063 2690 nam
1082 2627 1111 2691 si
1131 2649 1200 2694 mo·

236 2719 331 2780 vetur
353 2714 408 2778 lis:
431 2735 498 2778 non
520 2713 582 2778 hac
605 2710 658 2797 (ut
675 2713 807 2798 opinor)
825 2714 898 2798 lege
916 2714 1109 2799 litigabitur,
1134 2737 1200 2801 qua
1323 2765 1324 2770 η

309 2868 451 2922 uindices
469 2872 490 2918 2
509 2869 518 2936 ΙΙ
537 2873 554 2921 4
574 2866 611 2950 sit
629 2883 679 2923 om.
698 2870 719 2920 B
737 2871 748 2950 ll
765 2875 781 2923 t
801 2869 891 2925 scribo
910 2872 959 2936 Δι,
978 2869 1099 2926 scribere
1117 2876 1138 2923 u
1154 2875 1200 2942 115

236 2954 302 2992 uon
321 2939 481 3007 oportere
499 2955 559 3008 per
577 2939 850 3008 drsputatronem
869 2940 982 3010 legum
1000 2943 1103 2995 cauta
1121 2959 1201 3012 per-

236 3009 369 3064 vertit
396 3009 405 3076 ΙΙ
433 3007 593 3063 tinstitiae
611 3025 661 3064 om.
680 3013 701 3062 Ι
723 3011 733 3078 ΙΙ
757 3010 886 3080 'llegum
904 3014 973 3067 aest.
991 3016 1012 3065 Ι
1032 3015 1041 3081 ΙΙ
1061 3018 1078 3068 8
1097 3013 1128 3067 in
1146 3030 1200 3070 om.

235 3079 280 3148 ΒΙΙ
293 3079 433 3134 diversam
453 3083 475 3130 Α
499 3081 509 3149 ΙΙ
530 3079 742 3151 trahebu[n]tur
759 3082 818 3138 edd.
841 3083 850 3149 ΙΙ
872 3087 904 3134 11
924 3081 1017 3136 verbis
1035 3099 1086 3138 om.
1106 3086 1200 3153 21112
1322 3109 1323 3118 ’

239 3151 296 3204 suis
315 3149 381 3204 vin's
398 3151 548 3218 2-21114
565 3167 617 3205 uec
633 3154 654 3201 u
669 3153 678 3220 ll
694 3156 725 3205 1⁷
745 3167 803 3205 esse
821 3167 871 3206 om.
890 3154 933 3220 211
950 3158 982 3208 18
1002 3153 1058 3223 [ut]
1076 3153 1122 3210 Ro
1136 3156 1145 3224 {l
1166 3162 1200 3212 19

238 3220 385 3287 pervenire
404 3221 441 3274 ad
459 3220 524 3289 iem.
543 3227 590 3275 etc.
606 3251 639 3261 -
659 3227 693 3275 22
712 3238 775 3290 pars
793 3221 955 3289 patrimonii
973 3239 1025 3277 cm.
1042 3228 1063 3275 u
1078 3225 1087 3292 ΙΙ
1102 3231 1138 3280 20
1156 3244 1202 3282 re-
1321 3229 1322 3246 ¹

237 3291 364 3359 linquere
383 3293 414 3359 Δ,
433 3307 504 3346 corr.
522 3291 567 3346 Rc
589 3292 599 3359 ΙΙ
621 3296 682 3345 ceu
701 3293 746 3359 ΑΙΙ
759 3293 871 3346 caveret
889 3294 919 3359 Δ,
939 3309 1008 3347 cor-r.
1027 3294 1072 3348 Ro
1085 3297 1095 3364 ΙΙ
1109 3302 1144 3350 22
1165 3298 1202 3353 *ᾗ

236 3362 300 3429 plus
319 3364 342 3413 Δ
361 3362 370 3430 n
388 3367 423 3416 28
442 3361 603 3431 ‘perveniat
621 3360 658 3430 (.2)
678 3363 810 3433 {liutegro
828 3365 870 3430 Pl)
885 3368 919 3416 24
938 3361 1044 3437 *<qui>
1057 3368 1067 3436 l
1081 3372 1115 3421 25
1137 3384 1202 3424 cou

236 3436 260 3484 Δ
273 3433 282 3500 ΙΙ
296 3437 331 3487 28
351 3450 383 3488 ac
400 3436 478 3485 Μ’
490 3434 500 3502 ΙΙ
513 3432 572 3503 legi
588 3435 667 3484 1-2
