2640 3968
512 191 727 247 PRAEFATIO.
1035 191 1099 246 XIII

133 343 182 402 Pii
205 343 253 402 III
277 344 397 403 nomine
421 345 545 402 emotus
569 361 720 402 summum
743 343 949 418 pontificatum
973 343 1099 420 adeptus

133 433 205 520 est)
238 441 311 500 data
340 441 415 500 baec
443 439 559 500 scribit:
592 439 761 515 „Centum
791 443 826 500 et
852 441 1011 518 triginta
1039 460 1100 500 sex

131 537 356 607 QuIntiIieni
382 538 675 597 declamationes
694 533 746 598 'ad
774 540 808 598 te
837 558 951 614 nuper
973 559 989 598 e
1014 537 1099 598 Ger·

130 636 254 696 mania
286 636 419 696 missas
448 635 625 705 Quintiliani
656 655 723 697 esse
758 627 828 717 (sio)
856 636 1001 710 arbitror,
1034 627 1099 717 (ut)

131 735 189 794 etc.
208 779 242 794 ..
281 732 491 794 coniecturam
517 733 616 792 facere
644 751 681 792 ex
707 735 773 810 ipso
801 735 900 794 codIce
923 735 1007 809 licet,
1040 735 1099 810 pri-

15 841 25 870 ·
131 851 217 890 mum
247 831 326 908 quod
353 832 540 890 trecentas
564 831 758 909 sexaginta
781 833 897 892 fuisse
921 831 1099 907 ostenditur,

132 948 224 1005 quem
252 947 412 989 numerum
434 927 533 987 nescio
558 946 597 986 an
620 928 697 987 alius
721 949 812 1006 quam
835 929 890 999 Qu.
913 928 1098 1006 impleverit3

133 1026 244 1086 deinde
266 1025 407 1104 quoniam
431 1024 492 1095 Qu⁰
515 1026 738 1103 attribuuntur,
760 1045 816 1085 nec
838 1027 934 1087 multo
957 1029 1026 1102 post
1046 1019 1100 1096 Qui

133 1127 274 1202 tempora
307 1123 489 1200 exscriptum
516 1125 589 1182 tam
617 1127 801 1184 vetustum
829 1124 989 1184 codicem
1016 1127 1099 1201 puto,

134 1225 173 1281 ut
202 1222 297 1280 errari
319 1225 383 1280 tam
406 1221 518 1280 recenti
540 1221 685 1283 memoria
707 1222 757 1282 vix
779 1221 921 1300 potuerit.
941 1267 974 1282 ..
1013 1221 1100 1281 Sub-

134 1321 340 1396 sequuntur
363 1319 400 1377 in
423 1317 545 1378 codice
569 1317 874 1378 declamationum
897 1319 1052 1379 Senecae
1072 1319 1099 1378 X
1139 1391 1150 1406 .

131 1417 303 1478 libri...
336 1415 538 1476 Secundum
569 1417 633 1476 has
667 1414 851 1475 Calfurnii
883 1417 1006 1476 Flacci
1038 1435 1100 1475 ex·

132 1517 262 1592 ceptae
286 1514 435 1590 quaedam
458 1533 570 1590 paucae
589 1512 808 1588 perbrevesque
828 1515 1099 1574 sententiae...

133 1613 210 1672 Post
237 1612 317 1671 huno
341 1605 455 1672 ‘Finis
481 1603 755 1687 Excerptarum’
780 1609 978 1670 subscribitur
1001 1611 1097 1670 literis

134 1709 309 1770 maiusculis
339 1710 370 1768 et
393 1703 558 1768 ‘Antonii
580 1701 731 1768 Iuliani’
752 1751 785 1766 ..
813 1726 847 1766 ac
875 1727 944 1767 mox
972 1712 1002 1768 et
1030 1702 1098 1768 ‘ex-

133 1811 393 1882 temporaneae
424 1797 661 1875 Quintiliaui’
689 1805 921 1880 promittuntur,
949 1810 984 1865 ut
1010 1805 1098 1866 facile

135 1906 291 1981 appareat,
314 1903 528 1963 subsecuturas
552 1903 644 1962 fuisse
667 1900 939 1978 extemporaneas“.

201 1999 332 2060 Videtur
350 2001 398 2059 hie
416 2000 495 2060 liber
512 2000 605 2060 fuisse
623 2001 656 2060 in
672 1998 854 2059 bibliotheca
872 2000 1031 2060 cardinalis
1047 1999 1097 2060 Se·

132 2101 250 2176 nensis3
275 2095 454 2173 Campanus,
473 2102 509 2158 ut
526 2117 604 2158 anno
626 2098 711 2158 1468
730 2096 929 2157 institutionis
949 2098 1098 2158 oratoriae

133 2195 298 2257 editionem
320 2193 513 2271 vulgaverat,
537 2195 580 2253 ila
602 2195 731 2255 fortasse
754 2194 986 2256 declamationes
1008 2195 1096 2256 edere

133 2293 197 2369 ipse
220 2293 253 2352 in
276 2291 375 2350 animo
397 2291 529 2351 habebat
549 2291 598 2352 vel
617 2289 684 2350 aliis
704 2290 813 2350 saltem
831 2311 957 2352 censura
976 2312 1038 2368 sua,
1061 2296 1097 2353 ut

134 2391 271 2466 ederent,
299 2381 545 2470 commendare*)
573 2389 678 2449 voluit.
723 2389 792 2448 Non
819 2393 865 2448 est
892 2389 973 2450 facte
999 2391 1096 2466 proxi-

133 2487 191 2548 mis
214 2487 301 2546 annis
323 2485 423 2563 editio,
447 2489 478 2546 et
501 2487 592 2546 codex
614 2485 728 2563 perisse
751 2486 879 2546 videtur.
902 2487 1012 2548 denae
1031 2489 1096 2548 nul-

133 2587 207 2659 lum,
227 2586 263 2643 ut
281 2583 421 2659 comperi,
440 2583 504 2643 eius
524 2584 695 2661 vestigium.
729 2582 787 2642 Sed
802 2601 838 2643 ex
851 2583 976 2644 Senensi
989 2586 1094 2646 biblio·

132 2683 224 2758 theca
246 2679 377 2758 plurima
399 2681 555 2740 literarum
578 2683 771 2742 monumenta
793 2673 1023 2762 („Urkunden“)
1047 2683 1096 2743 vel

132 2780 201 2856 ipsa
223 2779 274 2838 vel
295 2779 478 2854 transcripto
500 2780 666 2855 deportata¹
682 2796 747 2838 esse
771 2779 896 2838 Romam
919 2778 951 2836 in
974 2779 1094 2856 Obigia·

206 2913 233 2980 *l
253 2911 288 2966 cf.
308 2928 380 2981 quae
397 2909 427 2966 in
441 2911 602 2969 laudatione
617 2913 679 2982 vicl,
699 2910 882 2984 epistolarum
896 2911 1022 2982 editioni,
1040 2913 1095 2968 Ro·

132 2999 198 3038 mae
220 2985 290 3038 1495
309 2985 339 3038 et
356 2981 482 3038 Venetiis
502 2989 571 3039 1502
590 2983 649 3053 fol,
669 2983 780 3040 adiecta
794 2981 916 3038 Michael
930 2983 1035 3040 Femur
1054 2985 1096 3040 di-

133 3054 187 3110 cit:
207 3053 316 3124 „Nemo
334 3053 524 3110 litteratorum
543 3072 626 3110 ausus
646 3071 679 3110 eo
693 3056 820 3123 tempore
834 3053 984 3122 quicquam
998 3053 1096 3110 fuisset

15 3141 18 3160 ·
133 3127 232 3191 edere,
256 3126 305 3193 qui
326 3123 405 3180 illiue
426 3127 494 3180 ante
517 3125 652 3180 iudicium
675 3125 898 3193 sententiamque
921 3141 978 3179 non
999 3126 1094 3195 explo-

132 3197 231 3254 rasset.
268 3193 403 3268 Magnam
425 3196 450 3251 is
473 3197 565 3252 labori
589 3212 639 3250 suo
662 3194 782 3266 gloriam
805 3195 946 3250 addidisse
965 3196 1034 3250 duce
1073 3199 1095 3266 t,

132 3267 179 3322 cui
197 3265 282 3320 huius
301 3267 507 3322 commendabo
527 3266 696 3322 accessisset.
724 3266 797 3320 Hine
813 3282 897 3321 neme
915 3267 945 3320 in
963 3267 1025 3320 tota
1043 3267 1094 3322 im-

130 3354 295 3408 pressorum
307 3337 445 3407 Hesperia
463 3354 497 3393 ea
510 3339 678 3406 tempestate
693 3354 763 3406 opus
776 3335 995 3406 imprimendum
1009 3336 1094 3392 susei-

131 3425 200 3478 pere
218 3404 294 3462 velle
313 3405 469 3475 videbatur,
488 3408 533 3464 eui
548 3407 625 3464 illius
640 3407 891 3464 commendationis
905 3407 1024 3478 epistola
1037 3425 1095 3464 non

130 3478 348 3550 praeluxisset.“
