2692 3960
225 128 292 196 320
590 127 823 194 omnnium

225 290 284 356 ille
310 290 437 356 iuvenis
466 293 499 355 et
521 290 624 356 velox.
668 289 754 354 Mori
775 290 864 372 volo,
894 287 980 372 quod
1003 287 1191 356 adulterum

226 400 294 445 non
315 379 455 445 invenio.
486 378 572 445 unde
595 378 706 444 venit?
731 379 803 462 quis
826 377 995 444 hominum
1013 376 1100 442 fuit?
1123 399 1192 446 non

226 467 367 534 inveniri
388 468 425 534 in
446 467 579 534 civitate
601 466 768 532 hominem
785 466 1006 532 vulneratum!
1028 487 1110 550 quos
1130 489 1191 554 ego

226 578 295 622 non
313 556 402 623 domi
419 556 560 622 medicos
580 555 736 622 adhibui?
760 576 872 621 omncs
890 555 964 620 illos
982 554 1192 642 interrogavi,

192 665 305 714 ouum
338 646 410 731 quis
444 644 550 711 clius?
591 666 686 710 nemo
715 647 800 726 eret,
830 643 905 710 nisi.
923 665 1019 728 quem
1046 644 1190 712 latrones

227 735 486 801 vulneraverunt.
523 737 557 798 et
577 755 664 799 nunc
686 733 743 798 ille
764 754 818 798 me
840 731 966 798 deridet
988 733 1191 820 ubicumque,

229 826 262 888 et
288 822 428 889 fortusse
451 823 516 888 iam
540 843 636 888 senus
660 826 717 889 eet.
763 822 848 887 mori
869 822 954 887 volo.
1000 823 1081 888 estis
1105 823 1191 888 iusta

228 911 390 977 moriendi
415 917 515 977 'ceusu
544 915 628 996 eret,
659 911 689 977 si
723 910 895 976 calamitae
929 932 1003 976 mec
1033 910 1192 978 hsctcnm

231 1000 385 1065 stetisset.

178 1108 210 1156 10
296 1087 433 1154 Accedit
463 1086 540 1172 huc,
568 1087 654 1172 quod
686 1087 818 1154 fortune
845 1090 958 1154 nostru
986 1087 1076 1154 dedit
1096 1089 1192 1156 melis

229 1177 455 1262 suspicionem.
500 1176 583 1242 nibil
606 1180 657 1242 cst
679 1176 741 1243 hoc
764 1176 851 1262 loco,
873 1176 934 1261 fili,
955 1177 1042 1261 quod
1064 1198 1116 1242 me
1139 1201 1192 1244 su·

230 1265 350 1350 spicari
372 1269 477 1351 putes.
508 1286 575 1331 non
596 1265 760 1332 habebam
778 1287 909 1332 ccussm
927 1265 1080 1350 parcendi
1093 1265 1193 1332 homo

228 1355 403 1439 periturus,
437 1375 497 1440 ego
521 1357 554 1419 te
576 1375 649 1420 vere
671 1355 878 1421 innocentem
901 1357 995 1440 puto,
1018 1375 1056 1420 ac
1079 1355 1107 1420 si
1130 1355 1193 1422 boc

228 1465 296 1510 non
318 1443 436 1510 credis:
463 1443 587 1527 curavi,
612 1443 738 1528 suncti,
765 1443 887 1527 alioqui
913 1446 947 1508 te
970 1446 1004 1508 et
1024 1443 1121 1508 hodie
1144 1465 1194 1510 oc-

179 1549 212 1599 15
231 1531 391 1598 cidissem.
437 1534 566 1598 constet
596 1531 660 1598 sibi
690 1531 891 1597 innocentie:
929 1532 986 1597 sed
1014 1553 1195 1618 numquam

230 1623 342 1704 potest
369 1624 518 1686 constare
541 1620 605 1687 sibi
628 1620 725 1685 fame.
766 1619 816 1685 vis
840 1620 936 1704 scire,
964 1642 1046 1705 quse
1069 1620 1194 1687 inimici

229 1709 336 1774 nostri
362 1709 558 1794 loquentur?
594 1710 753 1774 mirantur
780 1729 831 1773 me
859 1709 1004 1774 latrones
1028 1709 1194 1776 incidisse:

231 1797 317 1863 solet
338 1798 425 1884 fieri,
444 1798 618 1864 termnum
643 1800 702 1881 cst,
722 1795 887 1882 frequens,
912 1799 994 1864 scio:
1018 1798 1073 1862 sed
1095 1819 1194 1864 nemo

231 1884 271 1951 de
293 1885 354 1953 hoc
377 1887 581 1973 loqueretur,
603 1885 633 1950 ei
655 1907 789 1952 uxorem
810 1908 879 1952 non
902 1886 1196 1973 deprehendissem.

178 1991 213 2041 20
232 1974 410 2060 mirentur,
437 1975 523 2061 quod
549 1976 676 2058 petrem
703 1974 736 2038 in
764 1974 822 2040 illo
852 1975 998 2061 periculo
1020 1975 1196 2061 reliquisti:

232 2082 293 2147 ego
312 2066 346 2130 tc
364 2067 445 2150 puto
465 2063 580 2130 fecisse
599 2062 777 2149 sapientem
801 2067 834 2129 et
852 2065 880 2129 si
899 2065 1020 2130 crimen
1034 2068 1085 2130 est
1097 2064 1196 2148 istud,

230 2152 360 2237 utrique
383 2172 552 2219 commune
576 2153 644 2228 est„
680 2173 759 2218 nam
782 2157 816 2218 et
838 2174 899 2240 ego
921 2153 1001 2240 fugi.
1037 2175 1105 2220 non
1127 2175 1196 2220 erc·

231 2262 303 2306 mus
342 2262 451 2325 peres:
496 2239 573 2323 quid
620 2239 783 2306 attinebat
822 2241 1020 2326 periclitari?
1073 2245 1197 2308 utrum·

231 2350 294 2413 que
322 2333 473 2395 nostrum
499 2328 615 2394 fecisse
642 2350 770 2397 summo
801 2331 937 2397 coneilio
958 2333 1049 2416 puto.
1093 2330 1129 2396 in
1150 2331 1197 2396 ls-

178 2433 212 2483 25
231 2420 342 2483 trenes
378 2417 548 2484 incidimus
585 2422 619 2482 et
658 2419 864 2503 recessimus,
903 2419 1060 2504 fugimus3
1098 2441 1196 2486 nemo

231 2508 419 2590 persecutus
452 2509 510 2572 cst.
560 2505 638 2591 quid
665 2529 743 2592 ergo
776 2507 849 2573 est?
889 2528 951 2593 ego
979 2505 1118 2591 gaudeo,
1144 2507 1198 2572 cui

231 2615 298 2659 non
319 2593 501 2678 potui<sti>
526 2594 615 2660 eliud
638 2596 743 2662 maius
766 2596 957 2660 beneficium
980 2594 1066 2678 dere,
1097 2615 1197 2678 quem

159 2725 171 2744 .
231 2685 268 2748 ut
300 2682 409 2748 sulvus
437 2703 532 2750 esses.
580 2688 669 2768 sunt,
700 2684 755 2768 qui
782 2686 814 2747 te
841 2686 957 2767 putent
977 2702 1038 2767 pro
1061 2704 1115 2748 me
1137 2705 1197 2768 pu·

232 2789 332 2855 gnere
355 2771 515 2838 debuisse.
547 2771 712 2850 Quercber
733 2771 832 2855 paulo
852 2774 928 2837 cute
946 2771 986 2837 de
1004 2771 1195 2838 infirmitate

306 2985 320 3033 1
340 2980 461 3038 alterum
477 2985 507 3052 B,
526 2980 657 3038 ultorium
675 2982 766 3050 Puto
785 2979 841 3036 hoc
859 2982 903 3051 13ss
919 2981 1018 3038 llfilii
1035 2983 1128 3053 31112
1146 2999 1196 3054 po·

231 3051 276 3106 tes
295 3054 345 3120 tq
384 3053 704 3122 utet8,putstru13
723 3066 790 3106 vero
808 3056 868 3122 ΑΒ,
887 3053 1020 3111 cornito
1033 3054 1088 3134 [let
1104 3056 1197 3125 suit

234 3131 266 3178 Ν
286 3126 311 3176 Α
324 3123 370 3192 {lb
389 3125 400 3178 i
419 3128 483 3194 AB,
502 3139 571 3180 cors.
590 3123 647 3178 Aer
665 3125 675 3194 i
695 3128 727 3178 16
745 3123 840 3190 fort*
858 3128 946 3180 const
966 3124 1021 3180 tibi
1038 3141 1109 3194 mn,
1128 3143 1149 3180 s.
1168 3143 1196 3180 n.

231 3195 291 3275 pot.
311 3197 398 3250 const.
417 3193 508 3252 tibif.
531 3195 542 3264 ΙΙ
563 3193 656 3250 iumse
675 3196 704 3250 et
722 3194 793 3250 scire
811 3199 833 3247 B
855 3195 865 3265 ΙΙ
885 3202 917 3252 17
936 3195 1037 3267 nostri]
1057 3213 1131 3251 nuno
1148 3200 1169 3251 B
1186 3196 1198 3268 ss

232 3278 276 3316 ns
294 3266 373 3320 ectus
392 3269 453 3334 AB,
472 3281 541 3323 corr.
560 3266 640 3336 Accu
674 3264 725 3340 in>
742 3264 807 3322 latr.
826 3267 886 3322 cdd.
904 3268 914 3336 ΙΙ
934 3273 967 3323 18
986 3284 1127 3322 summum
1145 3269 1196 3323 cst.

233 3348 351 3402 sequeus
370 3336 444 3392 ecio:
463 3337 513 3392 scd
531 3339 581 3393 AB
601 3342 626 3392 et
698 3378 719 3406 .,
737 3352 807 3392 corr.
827 3337 869 3394 Gr
887 3342 913 3393 ct
931 3337 988 3393 Obr
1001 3338 1010 3408 ΙΙ
1024 3344 1130 3394 26-27
1149 3337 1199 3408 qui

231 3419 289 3460 nou
306 3407 388 3474 potui
406 3410 472 3476 ΔΒ,
494 3423 565 3465 corr.
584 3407 628 3464 Ro
646 3407 656 3476 ΙΙ
675 3413 709 3464 28
728 3407 763 3465 δ’ὁ
780 3411 811 3476 Δ,
832 3409 907 3464 esset
923 3411 944 3460 B
958 3411 968 3480 ιΙ
980 3409 1121 3479 putente
