2692 3960
221 131 285 198 318
587 131 819 198 QUINTILIANI

219 316 341 380 poenas
369 294 531 380 effugisse.
575 294 648 360 ideo
676 315 737 380 ego
764 293 848 359 hanc
878 294 980 360 vitum
1003 294 1081 361 olim
1104 296 1187 361 invi·

220 405 292 450 sam
315 388 384 449 tam
407 382 463 449 diu
486 383 564 468 tuli,
591 383 691 449 donec
714 383 801 448 filius
825 405 916 450 meus
939 387 1120 469 sanaretur,
1142 407 1185 451 ne

219 472 347 539 viderer
371 472 482 558 aliqua
505 471 703 539 conscientia
724 471 809 537 mori
831 471 923 538 velle.

283 561 372 648 Mori
404 562 489 628 volo.
537 561 622 626 nibil
653 583 707 627 me
738 561 940 627 commisisse
970 561 1183 628 manifestum

185 655 281 717 uest.
314 654 347 716 eb
369 651 435 716 iam
458 650 540 716 satis
563 650 725 716 rationem
747 649 858 715 videor
876 649 1061 716 reddidisse.
1096 649 1185 717 Mori

221 741 295 806 volo
314 760 424 805 senex:
447 738 548 804 habet
567 761 643 804 suos
663 738 731 804 vita
748 738 921 805 terminos:
940 739 1017 804 dum
1036 740 1184 806 membra

221 828 397 913 sufficiunt,
419 827 495 893 dum
517 827 552 892 in
575 826 683 893 officio
705 826 792 893 vires
815 830 900 893 sunt.
936 832 1183 913 quotamquam-

220 939 282 1002 que
308 920 437 1000 partem
464 916 570 982 habeo
598 915 759 982 viventis?
801 937 874 980 cum
901 915 1006 982 adhue
1028 916 1182 982 haberem

219 1026 369 1089 uxorem,
398 1004 606 1070 matrimonio
631 1003 754 1070 inutilis
779 1025 882 1084 eram;
910 1025 970 1070 nec
991 1005 1124 1084 mirum,
1153 1006 1184 1070 si

166 1111 200 1161 10
219 1113 314 1178 quem
337 1092 522 1177 concupivit
544 1093 717 1159 iuniorem:
743 1091 888 1158 occidere
912 1092 1094 1158 adulterum
1115 1115 1182 1159 non

218 1181 322 1267 potui.
352 1202 418 1247 non
441 1181 615 1247 miraretur
638 1203 690 1247 me
713 1182 796 1247 mori
820 1182 913 1266 velle,
936 1183 965 1247 si
987 1182 1059 1267 quis
1082 1181 1183 1248 vidis·

220 1273 270 1336 set
301 1269 495 1356 fugientem:
525 1293 621 1357 quam
649 1270 741 1335 tarde
768 1270 843 1336 feei!
868 1270 1076 1336 felicissimus
1103 1269 1183 1336 fuis·

220 1381 298 1446 sem,
316 1358 344 1424 si
362 1382 413 1424 me
432 1360 575 1426 latrones
595 1358 795 1426 occidissent.
819 1358 954 1425 Accedit
970 1358 1061 1444 illud,
1077 1360 1181 1426 filium

218 1448 337 1514 habeo:
365 1447 560 1534 monceio,
589 1449 665 1514 dum
688 1449 797 1514 salvus
822 1451 885 1532 est,
917 1447 993 1513 dum
1015 1447 1111 1514 illum
1134 1469 1182 1514 re

166 1537 365 1623 relinquere
397 1539 606 1622 superstitem
641 1558 782 1621 possum.
827 1558 930 1621 paene
956 1536 1051 1602 illum
1077 1557 1181 1620 nuper

217 1627 321 1692 amisi.
356 1625 432 1711 quid
450 1626 596 1692 futurum
615 1628 695 1710 erat,
716 1625 745 1690 si
763 1647 829 1691 non
843 1625 1023 1710 potuissem
1042 1626 1180 1690 sanare?

217 1715 313 1795 bene,
336 1715 392 1798 dii,
415 1713 501 1800 quod
523 1715 593 1779 leve
617 1714 681 1779 fuit
703 1714 835 1780 vulnus!
882 1737 947 1780 non
971 1713 1095 1780 accidet
1118 1714 1181 1780 hoc

217 1803 298 1869 mihi
325 1803 451 1868 iterum.
506 1823 567 1888 ego
597 1803 677 1889 scio,
710 1803 745 1870 in
773 1803 890 1889 quibus
921 1803 1177 1890 cogitationibus

217 1890 343 1957 fuerim.
375 1892 404 1956 si
426 1890 461 1954 in
485 1892 589 1957 maius
612 1892 791 1976 periculum
811 1892 898 1957 filius
918 1912 1008 1956 meus
1026 1892 1181 1976 venisset,

164 1995 199 2046 20
217 2001 283 2045 non
306 1981 527 2063 expectassem
550 2002 619 2066 vos,
644 1984 681 2046 ub
702 1981 851 2066 perirem.
895 1978 1039 2045 nondum
1063 1979 1102 2046 de
1125 1979 1179 2045 ad·

217 2068 319 2133 versis
351 2068 480 2152 loquor:
512 2068 592 2135 haec
624 2069 697 2154 ipsa
729 2092 781 2136 me
813 2069 854 2134 ad
883 2073 1021 2136 mortem
1049 2068 1180 2148 ducunt,

217 2177 300 2240 quae
324 2177 362 2222 ex
385 2160 463 2223 voto
487 2157 706 2244 contigerunt.

283 2243 462 2311 Veniamus
489 2268 576 2313 nuno
599 2248 641 2313 ad
663 2247 822 2333 querelas.
867 2245 985 2312 Infelix
1008 2267 1094 2314 sum:
1122 2267 1178 2330 pe·

216 2354 309 2419 regre
336 2333 498 2420 proficisci
536 2336 638 2402 volui:
670 2336 813 2402 latrones
846 2335 957 2421 ineidi3
986 2334 1093 2400 virere
1126 2355 1179 2400 me

164 2437 198 2487 25
217 2421 327 2489 miror.
377 2423 512 2490 accessit
540 2425 645 2491 dolor:
678 2447 697 2490 a
725 2425 793 2489 filio
820 2445 893 2489 meo
922 2422 1067 2488 diductus
1096 2442 1180 2488 sum.

215 2532 282 2577 non
315 2533 432 2597 queror
463 2513 502 2578 de
533 2513 620 2598 ipso:
654 2513 758 2578 omnis
790 2511 872 2576 mibi
903 2512 987 2576 ratio
1021 2507 1177 2574 adversus

215 2599 381 2667 fortunam
409 2604 467 2666 est.
522 2602 765 2667 intervenerunt
796 2599 952 2664 latrones:
986 2618 1052 2661 non
1085 2597 1179 2662 stetit

215 2711 341 2754 mecum
364 2688 465 2774 filius,
492 2711 565 2756 oum
591 2710 650 2774 pro
674 2710 725 2753 me
747 2707 940 2771 pugnarem3
968 2684 1029 2750 feci
1053 2685 1178 2770 aliquid

215 2780 249 2842 et
279 2778 348 2861 ipse
381 2776 550 2844 scelerate:
586 2778 675 2842 solus
706 2795 854 2840 reversus
888 2795 973 2859 sum,
1005 2777 1175 2860 tamquam

160 2881 194 2930 30
214 2865 329 2931 scirem
348 2866 452 2931 filium
472 2868 599 2933 salvum
618 2885 696 2929 esse.
719 2862 870 2927 Insecuta
886 2866 936 2928 est
951 2863 1015 2928 alia
1028 2862 1177 2930 fortuna:

213 2975 348 3020 uxorem
380 2955 560 3020 adulteram
586 2950 705 3018 inveni.
756 2949 833 3037 quid
866 2952 1010 3018 accidere
1041 2952 1177 3037 grauius

213 3042 290 3109 huic
314 3044 415 3110 aetati
437 3041 567 3127 potuit?
596 3041 684 3106 velut
708 3040 905 3124 exprobrare
928 3041 1009 3106 mibi
1032 3043 1103 3108 risa
1126 3043 1176 3106 est
1257 3078 1262 3090 ·
1343 3041 1345 3066 ¹

285 3205 301 3254 8
319 3197 473 3256 iuventutis
491 3200 536 3268 ¹³l
551 3202 584 3252 15
602 3214 716 3268 passum
734 3202 775 3252 Aa
787 3199 797 3269 ll
814 3204 845 3254 17
866 3198 976 3254 occidet
993 3199 1038 3267 llll
1057 3203 1089 3251 21
1110 3211 1176 3251 mea

212 3270 258 3338 All
272 3275 307 3325 24
325 3270 396 3344 (in)
414 3271 476 3325 latr.
496 3271 555 3326 edd.
569 3269 579 3339 ΙΙ
593 3275 627 3325 25
646 3270 782 3326 deductus
800 3273 868 3324 Aa!
882 3272 891 3340 ll
905 3276 940 3325 26
958 3268 1090 3342 (o>rati0
1108 3266 1177 3338 Ball

212 3345 247 3395 28
266 3341 336 3397 fecit
353 3345 405 3395 AB
423 3342 434 3410 ΙΙ
453 3347 489 3397 30
507 3340 605 3396 scirem
624 3344 677 3408 Aa,
697 3341 795 3396 scirem
814 3341 883 3395 item
901 3342 946 3410 ¹³ll
960 3347 992 3395 81
1013 3343 1045 3395 ut
1062 3357 1108 3394 ux.
1128 3337 1177 3395 ad.
1214 3338 1223 3355 ¹

211 3409 366 3467 invenirem
384 3414 428 3480 Pl!
441 3418 475 3464 32
495 3413 648 3480 exprobare
667 3416 687 3463 B
