2682 3956
397 121 717 178 DECLAMATIONES.
737 119 885 178 coenan.
1061 123 1126 189 349

167 284 283 384 finitis.
313 284 394 350 diait
416 284 502 349 enim
524 285 563 368 is,
587 285 644 370 qui
666 306 734 369 per
707 285 808 351 titin
831 285 1030 369 servitutem,
1053 307 1127 350 eum

167 395 237 439 esse
264 372 300 438 in
326 373 479 438 libertate
506 335 630 439 doinini
653 374 835 456 voluntate,
868 394 964 457 quem
986 336 1124 440 litierum

166 483 238 528 esse
261 460 411 527 dominus
431 462 583 527 voluerit
628 465 742 527 nostra
763 483 839 547 pars
863 461 983 544 dicit,
973 483 1008 526 1n
1030 461 1127 527 liber·

166 553 236 616 tate
260 571 330 614 esse
353 548 478 615 domini
500 550 761 634 voluntatatem,
784 549 839 634 qui
863 549 984 634 aliquid
1007 571 1066 634 pro
1090 550 1127 614 li·

166 637 255 702 beris
278 659 318 702 ex
341 638 509 704 voluntate
531 639 654 704 domini
681 638 835 704 feceruut.
880 637 1056 718 refellenda
1078 641 1128 703 est
1146 655 1162 705 5

167 725 263 791 nobis
286 726 392 792 finitio
416 727 521 811 partis
545 726 710 811 adversae,
738 725 852 791 deinde
879 731 992 792 nostra
1015 726 1128 792 confir-

166 813 294 884 manda
338 815 413 880 finis
435 817 538 899 partis
563 814 718 881 adversae
740 816 788 880 sie
809 815 984 895 refelletur.

480 954 815 1023 DECLAMATIO.

234 1060 305 1138 Qui
328 1062 530 1128 voluntate
554 1063 699 1130 domini
721 1063 760 1129 in
783 1063 972 1128 libertate
994 1062 1128 1145 fuerit,

167 1151 269 1218 liber
292 1151 354 1216 sit.
384 1148 417 1215 Si
441 1151 480 1215 de
501 1151 554 1216 his
577 1151 765 1236 loqueretur
787 1151 846 1234 lex,
871 1173 951 1236 quos
976 1149 1180 1216 deminuam

169 1239 413 1304 manumisisset
431 1243 464 1304 et
482 1239 602 1305 liberos
623 1261 692 1304 esse
711 1239 876 1324 voluisset,
895 1261 1127 1324 supervacuum

168 1331 249 1396 erat.
276 1350 354 1393 nam
377 1329 475 1393 etiam
498 1327 560 1392 hau
582 1328 654 1413 lege
674 1328 805 1392 sublata
821 1349 888 1393 non
907 1327 1128 1411 dubitabatur,

167 1416 246 1502 quin
267 1416 460 1482 manumissi
482 1415 579 1485 liberi
602 1419 719 1481 essent
754 1419 922 1500 praeterea
945 1415 1033 1479 aliud
1056 1437 1127 1480 esse

167 1505 204 1570 in
225 1505 377 1572 libertate
401 1527 485 1589 esse,
516 1503 605 1569 aliud
628 1505 766 1570 liberum
789 1525 873 1588 esse,
903 1503 1003 1568 etiam
1026 1525 1064 1567 ex
1088 1525 1126 1568 eo

167 1593 376 1660 menifestum
398 1597 462 1677 est,
485 1593 571 1678 quod
595 1615 665 1678 eos,
688 1595 743 1678 qui
765 1591 801 1657 in
823 1592 974 1657 libertate
997 1591 1127 1675 fuerint,
1148 1607 1180 1656 15

168 1681 289 1748 liberos
313 1704 383 1748 esse
406 1683 460 1748 lex
482 1683 582 1748 iubet.
618 1681 659 1748 ad
683 1703 763 1766 quos
787 1702 864 1767 ergo
887 1682 940 1746 lex
962 1679 1128 1765 pertinet?

167 1774 205 1834 ut
227 1771 267 1835 ad
289 1775 437 1837 nostram
459 1770 642 1836 finitionem
664 1770 846 1834 redeamus:
870 1771 926 1852 qui
941 1769 1128 1834 volentibus

168 1858 308 1924 dominis
335 1859 473 1924 fecerint
500 1859 611 1943 aliqua
637 1861 805 1943 tamquam
826 1857 930 1922 liberi.
975 1860 1012 1921 ut
1039 1859 1128 1941 puta,

169 1947 313 2032 signavit
345 1947 468 2032 aliquid
499 1948 627 2013 volente
660 1946 792 2012 domino
826 1968 952 2011 servus:
989 1945 1128 2010 liberum

168 2057 238 2100 esse
261 2037 341 2100 vult.
377 2037 524 2120 iniquum
548 2035 634 2100 enim
657 2037 719 2100 erit
741 2035 871 2100 tabulas
894 2032 1072 2120 †auferri†
1095 2037 1129 2097 et
1147 2049 1182 2098 1ο

169 2124 446 2205 circumscriptum
469 2145 539 2190 esse
556 2123 665 2188 neseio
685 2145 789 2208 quem,
813 2123 864 2187 eui
883 2123 1031 2206 signatae
1051 2124 1128 2185 sunt

168 2210 310 2274 tabulae.
338 2210 434 2275 index
456 2213 542 2276 inter
564 2211 645 2275 duos
669 2211 854 2276 convenerit
877 2214 910 2274 et
933 2208 1127 2273 sententiam

168 2297 282 2361 tulerit
308 2299 438 2362 volente
465 2298 608 2364 domino:
635 2299 775 2363 liberum
803 2319 873 2362 esse
900 2297 987 2362 huna
1015 2295 1128 2379 voluit,

169 2388 207 2449 ut
248 2407 287 2450 ea
322 2406 388 2469 res,
437 2407 519 2469 quae
560 2385 704 2450 indicata
744 2390 826 2468 erat,
861 2384 998 2449 haberet
1034 2405 1128 2448 suum

168 2473 275 2538 finem.
298 2475 434 2558 denique
456 2473 628 2556 neminem,
651 2474 706 2556 qui
728 2474 763 2538 in
781 2472 891 2556 aliqua
908 2472 1015 2537 forma
1032 2471 1129 2536 liber·
1148 2487 1182 2536 15

168 2563 248 2628 tatis
271 2561 393 2644 fuisset,
416 2562 480 2628 nisi
502 2560 615 2627 fraude
638 2564 671 2626 et
694 2561 791 2646 eulpa
813 2582 871 2624 sua
888 2561 992 2625 redire
1010 2560 1045 2623 in
1064 2579 1129 2623 ser·

168 2651 306 2716 vitutem
337 2613 451 2716 voluit.
507 2651 541 2714 in
573 2650 727 2716 libertate
758 2653 867 2714 autem
899 2647 1028 2732 putavit
1060 2666 1129 2711 esse

168 2738 278 2822 legum
304 2740 393 2805 lator
419 2741 520 2805 etiam
547 2761 616 2824 eos,
644 2739 700 2822 qui
727 2760 794 2804 non
817 2738 984 2803 voluntate
1006 2733 1130 2799 domini

168 2826 203 2890 in
232 2828 386 2892 libertate
414 2832 534 2912 essent3
566 2829 650 2893 aient
676 2849 744 2910 eos,
774 2827 829 2910 qui
861 2825 1050 2892 absentibus
1074 2823 1130 2888 do·

243 2962 285 3016 1
276 2979 360 3018 rama.
371 2967 445 3034 1111
464 2966 550 3020 volun
551 2966 639 3020 tatem
657 2970 699 3018 Aa
711 2966 720 3034 ΙΙ
734 2963 841 3021 domini
858 2965 1004 3019 voluntate
1023 2979 1072 3017 em.
1092 2961 1129 3033 Bll

168 3050 254 3162 iiiiii?
271 3033 519 3208 {ieliiimtilili'i
528 3031 761 3175 riuieileiiuxritlnll',
772 3040 856 3162 bairi.
858 3031 1130 3173 eiiinldioAserilieis

169 3176 233 3244 ΔιΙ
248 3181 281 3229 11
299 3193 339 3230 an
356 3175 546 3232 *manumisit
562 3181 588 3230 et
604 3176 696 3230 voluit
713 3175 774 3246 (?)ll
793 3181 826 3230 11
844 3175 909 3245 hae]
930 3175 966 3228 de
983 3175 1075 3243 Bll18
1096 3182 1127 3227 Ν

169 3248 193 3297 Δ
206 3248 216 3315 ΙΙ
230 3253 264 3300 10
282 3245 427 3306 inimicum
446 3249 489 3317 Bl
503 3246 654 3330 {auferri's
668 3245 728 3312 Ro;
746 3245 853 3302 aboleri
872 3245 913 3300 Gr
926 3247 936 3315 ss
950 3250 1017 3298 11-
1021 3249 1054 3298 11
1074 3243 1131 3298 sint

170 3315 272 3443 iiiiii?
288 3317 336 3443 ΞΟΙΙ
349 3324 383 3374 15
402 3317 524 3373 forma
511 3335 544 3373 m
561 3333 617 3374 ras.
635 3318 714 3372 haba
731 3320 763 3384 Δ,
781 3316 903 3370 formula
920 3317 1014 3411 11117.
1031 3313 1129 3382 voluit,
