2682 3956
243 158 310 224 428
611 157 841 224 QUINTILIANI

580 353 875 423 ccclxxxm.

516 479 633 564 Rupta
655 479 749 545 male
771 477 938 546 tractata.
1062 469 1072 482 ’

247 625 344 703 Qum
375 641 486 692 vmun
517 639 637 688 MALAE
673 607 928 688 rarcrnmoms
964 639 1209 709 nnnnnvnmn,

335 730 480 780 curnam
511 729 631 778 norun
664 727 839 795 ancialum
879 728 910 777 ει
937 727 1118 777 nonomen
1146 729 1210 778 nu·

211 820 227 870 a
335 819 467 886 renam,
489 817 599 865 mnan
622 816 805 866 marmur.
832 799 939 884 Rapta
960 800 1093 884 nuptias
1117 804 1209 885 opta·

336 891 393 973 vit,
415 892 531 974 postea
552 889 658 954 virum
677 889 783 954 malae
801 888 1007 956 tractationis
1027 889 1208 955 damnavit:

336 979 429 1044 litem
453 981 557 1043 morte
581 977 743 1043 aestimat.

557 1152 896 1220 DECLAMATIO.

313 1277 425 1346 Nimio
449 1300 559 1345 amore
583 1282 616 1344 et
638 1279 782 1345 sollicita
804 1279 1013 1364 inquisitione
1036 1277 1090 1345 hie
1110 1279 1208 1345 offen-

195 1386 229 1436 10
248 1369 297 1434 dit
319 1390 462 1435 uxorem.
507 1368 598 1435 venit
625 1368 683 1434 illa
705 1369 742 1432 in
763 1368 872 1434 forum
895 1367 1054 1453 gratiosa3
1082 1391 1124 1433 ne
1147 1390 1208 1434 nos

248 1457 378 1544 quidem
406 1455 610 1537 obstitimus,
643 1479 706 1542 quo
730 1456 838 1523 minus
861 1457 1018 1541 vinceret,
1049 1460 1088 1522 ut
1110 1457 1209 1524 seire-

248 1569 336 1631 mus,
368 1544 485 1633 quanti
515 1541 626 1612 dotem
657 1545 853 1612 aestimaret.
897 1545 1019 1611 iudices
1043 1544 1208 1612 dixerunt:

247 1635 343 1720 »quid
353 1657 413 1700 nos
424 1633 677 1701 intercedimus?
700 1634 824 1718 optime
837 1633 918 1719 ipsis
928 1633 1106 1700 conveniet
1127 1634 1210 1700 haec

247 1728 375 1808 tamen,
406 1745 448 1789 ne
477 1724 545 1789 sine
575 1745 673 1791 causa
700 1723 735 1789 in
762 1722 870 1789 forum
897 1722 1045 1788 videatur
1071 1723 1210 1810 venisse,

196 1828 229 1878 15
248 1811 333 1878 ferat
356 1811 479 1898 aliquid
502 1811 626 1880 solatii:
653 1811 737 1878 benc
760 1811 918 1877 credimus
941 1811 990 1876 illi
1014 1811 1082 1878 eius
1105 1812 1210 1896 patri-

250 1901 405 1986 monium,
428 1901 517 1967 cuius
537 1901 639 1986 capiti
656 1901 844 1986 perpercit<
876 1922 1067 1966 veneramus
1086 1897 1208 1967 hilares

249 1989 290 2058 ad
314 1990 582 2057 aestimationem.
613 1995 647 2054 at
665 1991 738 2074 ista,
761 1989 860 2074 >quid
882 1989 973 2072 mihi,
995 1989 1111 2074 inquit,
1134 2011 1209 2055 cum

247 2078 387 2164 pecunia
409 2078 482 2145 est?
505 2081 646 2144 mortem
670 2078 847 2143 desidero«
879 2080 975 2162 putat
998 2099 1042 2164 se,
1064 2081 1101 2142 ut
1124 2078 1209 2144 occi·

248 2167 353 2251 deret,
376 2167 505 2253 vicisse,
529 2188 612 2252 quae
634 2166 726 2248 vicit,
748 2166 823 2250 quia
846 2187 913 2231 non
936 2165 1107 2232 occiderat.
1152 2165 1210 2231 ob·

196 2271 230 2322 20
251 2256 449 2341 sequendum
473 2255 622 2339 esttibi,
645 2254 845 2320 adulescens:
874 2253 959 2320 nihil
982 2254 1015 2319 in
1039 2255 1210 2320 mulierem

250 2343 370 2414 dicam:
394 2345 450 2410 sed
473 2343 609 2430 potiaris
632 2364 763 2409 causam
786 2347 878 2408 tuam
900 2342 1036 2410 defendi.

327 2431 475 2499 Dicimus
522 2431 725 2517 pecuniarias
766 2432 842 2497 lites
884 2453 972 2516 esse,
1007 2431 1210 2516 litigatorem

251 2543 411 2588 essenon
434 2542 539 2606 reum,
566 2542 632 2587 non
656 2522 711 2605 qui
734 2521 772 2586 de
795 2521 900 2605 capite
924 2519 1097 2586 sortiatur:
1126 2520 1209 2585 illud

252 2610 408 2676 iudicium
449 2609 575 2692 vocari,
617 2609 857 2693 quaestionem,
898 2609 1058 2694 quidlibet
1102 2609 1210 2694 potius

178 2695 231 2764 '25
252 2721 351 2784 quam
374 2698 475 2762 litem.
521 2697 699 2782 a<litem>
723 2695 945 2781 aestimet<
968 2697 1085 2782 inquit:
1112 2719 1210 2781 quam

250 2786 425 2870 familiare,
453 2807 550 2871 quam
578 2786 776 2852 cotidianum
798 2786 935 2850 verbum
963 2786 1036 2852 est?
1081 2785 1210 2870 siquid

251 2874 491 2940 commodatum
513 2897 580 2940 non
601 2875 756 2958 redditur,
777 2878 856 2938 nota
879 2879 955 2940 sunt
977 2876 1077 2942 verba
1098 2876 1175 2959 post
1198 2910 1211 2923 -

252 2963 401 3050 lentium,
423 2963 559 3048 »quanti
582 2963 760 3028 aestimet«
796 2982 874 3047 ergo
897 2963 1119 3049 pecuniarium
1141 2984 1211 3029 ver·

252 3053 330 3119 bum
354 3056 413 3122 est
458 3051 534 3118 huic
557 3055 593 3116 tu
617 3055 755 3117 mortem
777 3055 876 3135 putus
900 3051 1027 3118 subici?
1050 3051 1210 3118 veneficus

322 3231 355 3280 12
380 3227 485 3295 quanto
504 3230 529 3280 Δ
551 3227 561 3297 fl
584 3231 689 3280 13—14
713 3226 783 3280 haec
801 3227 897 3280 tamen
915 3231 1006 3281 ocull
1029 3227 1039 3296 l
1062 3231 1096 3280 16
1114 3224 1211 3280 illares

248 3299 302 3364 Aa,
322 3296 437 3352 hillarcu
455 3301 508 3366 Ab,
526 3297 639 3366 hylares
658 3299 702 3368 ΒΙΙ
717 3303 750 3352 18
769 3297 813 3351 eet
830 3296 901 3351 mihi
920 3300 1039 3352 mortem
1057 3298 1149 3367 11119
1167 3296 1209 3351 vi·

248 3366 319 3420 cisse
339 3383 366 3435 q.
385 3383 412 3421 v.
431 3385 458 3437 q.
477 3385 504 3421 n.
524 3368 774 3423 occidentem
798 3369 808 3437 l
830 3373 935 3422 22-23
955 3367 1129 3438 litigatorem
1148 3383 1211 3422 esse

247 3451 299 3490 om.
318 3436 430 3504 Δι1125
448 3436 572 3510 (litem)
590 3439 647 3493 Aer
660 3441 670 3508 ΙΙ
684 3442 717 3491 28
736 3437 919 3508 pecuniarum
936 3442 958 3490 B
