2670 3962
374 133 695 194 DECLAMATIONES.
715 135 869 198 CCXCVII.
1041 140 1105 208 173

142 322 226 386 quae
248 298 441 384 vindioatur,
464 299 574 366 oeulos
598 299 759 366 defendat.
792 323 871 370 nam
891 305 923 371 et
941 302 995 371 hie
1013 302 1106 370 dolor

142 387 339 476 gravissima
358 409 476 473 passae
495 388 707 471 convenisset,
731 391 764 456 et
781 388 863 458 illud
880 391 1029 458 naturale
1048 396 1105 476 ost,
1177 437 1182 448 ·

139 483 177 544 nt
206 479 296 544 bona
323 478 492 544 oculorum
518 477 713 563 intellegant
744 479 844 546 etiam
864 480 922 564 qui
945 485 1103 550 eruerunt.

140 567 175 634 id
193 587 289 634 omne
309 566 480 632 diversum·
491 569 550 632 ost
581 565 671 651 haee,
690 587 774 651 quae
788 571 959 635 moserata
973 571 1034 652 est,
1052 569 1104 636 eui

140 659 253 741 erepta
266 654 323 722 lux
335 658 395 740 est,
409 655 461 720 oui
470 654 576 720 omnis
590 654 707 720 vitain
720 657 892 724 tormentis
909 656 1035 744 agenda
1045 662 1105 742 ost,
1123 676 1137 726 s

140 745 312 811 miseretur
335 743 498 829 quondam
522 742 676 810 amatoris
701 744 764 811 sni:
787 744 853 828 ille,
875 746 931 830 qui
954 767 1104 812 exeaeca-

139 834 203 918 vit,
229 834 301 899 vult
328 834 428 899 istam
454 832 594 898 nimium
614 831 786 917 vindicari3
814 831 910 918 idqus
933 833 962 900 si
984 833 1105 902 lateret

138 923 350 1008 paenitentia,
368 924 544 1006 utcumque
562 921 777 988 consolandus
795 922 891 988 nobis
906 926 1001 990 esset.
1026 945 1104 990 nam

139 1014 174 1077 at
188 1013 376 1096 poteramus
391 1009 559 1095 suspicari,
577 1009 662 1076 hano
674 1010 771 1077 istius
785 1011 1016 1094 postulationis
1033 1033 1104 1080 osse

139 1099 315 1166 rationemr
330 1098 457 1185 (quod)
468 1119 541 1164 eum
551 1099 770 1166 exoneraverit
780 1100 991 1183 meretricem,
1005 1122 1103 1186 quam
1124 1119 1157 1170 10

140 1189 274 1273 amavit,
296 1209 381 1254 nuno
403 1187 513 1253 oeulos
538 1185 660 1272 offerat,
683 1208 780 1254 eausa
803 1188 946 1256 ambitus
969 1189 1050 1256 fieri.

206 1276 318 1362 Negat
343 1276 393 1342 tas
422 1297 507 1356 esse,
534 1281 571 1342 ut
593 1275 643 1341 vir
664 1275 761 1342 fortis
784 1298 917 1343 manum
941 1278 1103 1346 meretrici

139 1364 1103 1452 praestetutiterdemonstret:apparotillamessecaeean·

138 1456 224 1521 dum.
265 1453 374 1540 Atque
397 1453 431 1518 id
453 1457 564 1520 tamen
587 1451 809 1537 praetenditur
831 1453 946 1537 modo,
969 1453 1103 1521 iudices:

140 1546 286 1610 osterum
318 1563 416 1610 cansa
447 1540 680 1629 postulationis
711 1541 807 1608 istius
838 1542 1013 1611 manifesta
1045 1547 1104 1610 est
1124 1561 1156 1610 ro

140 1631 232 1699 videt
258 1632 412 1698 miseram
438 1630 594 1696 feminam
621 1629 738 1696 durare
765 1631 801 1696 in
823 1630 886 1698 hoo
909 1653 975 1698 non
998 1652 1104 1716 posse,

140 1723 178 1788 ut
200 1726 362 1804 excaecet,
388 1739 494 1805 neque
519 1719 554 1786 id
583 1719 666 1806 agit,
693 1722 731 1784 ut
753 1721 936 1805 graviorem
959 1720 1104 1805 patiatur

140 1822 289 1895 poenam,
310 1809 370 1874 sed
391 1811 429 1874 ut
451 1811 614 1874 neumam:
638 1807 749 1874 ooulos
767 1807 898 1891 habeat,
922 1830 1002 1894 quos
1021 1808 1102 1876 haee

141 1919 253 1965 eruere
276 1897 383 1964 noluit
397 1897 498 1980 (neo)
513 1896 603 1964 duois
627 1917 727 1982 opera
745 1896 909 1983 fungatur,
932 1897 1017 1982 quod
1036 1898 1103 1964 iam

140 1990 279 2053 reonsat
323 1984 394 2052 Nos
421 1989 531 2051 tamen
561 2005 694 2052 neeesse
716 1984 875 2054 habemus
898 1985 949 2052 his
973 2006 1104 2071 respon·
1123 2003 1158 2054 ao

141 2075 231 2161 dere,
264 2097 346 2162 quae
372 2077 611 2159 proponuntur,
641 2078 676 2139 st
703 2074 856 2141 adversus
885 2075 1034 2141 tatanem
1058 2077 1105 2142 sie

141 2184 254 2250 agere,
290 2168 459 2248 tamquam
495 2163 661 2230 exoaeeari
696 2163 844 2229 voluerit.
899 2163 959 2229 illa
996 2163 1105 2246 etiam,

143 2273 227 2337 quae
254 2253 297 2318 ab
324 2253 398 2336 ipso
420 2252 541 2317 iactata
563 2255 654 2334 sunt,
681 2273 740 2318 nos
765 2273 892 2337 quoque
919 2251 1104 2335 referemus,

142 2339 244 2406 foisse
260 2343 360 2406 istum
379 2339 485 2406 virum
503 2337 633 2424 fortem,
650 2360 814 2425 pugnasse
832 2361 891 2424 pro
910 2361 946 2408 re
964 2339 1105 2425 publiea,

143 2428 319 2515 plurimum
342 2429 437 2496 nobis
461 2428 622 2513 profuisse
645 2448 760 2494 manus
780 2428 849 2494 sius
868 2432 965 2514 atque
984 2430 1104 2496 oeulos.
1122 2445 1157 2496 at

141 2517 194 2584 his
223 2519 309 2583 enim
336 2516 487 2583 omnibus
517 2516 663 2602 profsoto
686 2515 749 2582 hoo
772 2515 923 2597 efficitur,
952 2516 1104 2583 utillum

144 2608 310 2673 exonerari
332 2627 398 2673 non
420 2627 551 2672 neeesse
575 2606 634 2671 sit:
656 2625 760 2689 noque
784 2605 815 2674 ei
836 2604 956 2674 nocebit
974 2604 1033 2670 illa
1046 2605 1104 2671 ho·

213 2787 229 2836 2
248 2798 330 2851 passe
349 2784 381 2850 Δ,
399 2781 479 2851 parto
497 2784 518 2834 B
532 2783 541 2851 11
555 2786 573 2834 4
590 2778 679 2854 (hio)
696 2778 726 2834 id
744 2795 825 2836 omne
844 2779 898 2836 ses
911 2781 950 2851 115
969 2781 1085 2852 rapta!
1101 2780 1105 2850 1

141 2852 191 2908 lux
208 2867 260 2908 om.
279 2856 320 2906 Aa
336 2853 347 2923 l
365 2859 381 2908 6
399 2851 545 2908 miserator
564 2854 616 2918 sa,
639 2851 787 2908 miserator
805 2853 884 2918 m,
910 2849 1044 2908 misereor
1062 2855 1083 2904 P
1103 2851 1106 2922 1

143 2922 266 2978 'lsultis
283 2924 344 2979 tam
361 2921 448 2995 Blid
467 2939 538 2992 eque
556 2926 604 2975 AB
618 2923 657 2990 17
678 2927 700 2996 (1
719 2925 795 2994 2118
815 2922 1104 2992 penitentiamlllll

142 2993 254 3049 animat
270 2998 291 3046 B
305 2997 316 3065 l
329 3009 443 3050 oausam
460 2995 532 3062 nn
547 2997 580 3047 12
598 2998 706 3062 negant
723 2995 834 3064 3118·
853 2993 934 3050 illam
952 3009 1013 3049 esso
1026 3009 1105 3048 oeca-

142 3067 204 3120 tnm
217 3069 249 3134 Δ,
267 3065 348 3120 illam
366 3079 428 3120 osse
442 3066 568 3120 oeoatam
581 3067 602 3117 B
616 3066 625 3133 l
639 3069 674 3117 14
687 3065 804 3120 tandm
817 3068 838 3118 B
852 3067 861 3134 11
877 3069 909 3120 17
923 3065 957 3120 ut
969 3063 999 3118 in
1013 3064 1106 3120 eatoet

143 3140 196 3204 Δι,
218 3140 252 3190 nt
270 3137 367 3192 exeoet
384 3139 424 3189 ab
446 3138 456 3206 11
478 3151 530 3190 neo
547 3138 568 3186 B
591 3135 601 3203 11
624 3139 657 3188 18
676 3135 794 3190 haberet
811 3139 846 3201 Δ,
865 3134 969 3190 habere
986 3138 1017 3200 ll,
1036 3147 1105 3190 corr.

145 3205 187 3263 θτ
204 3210 214 3278 1
235 3213 267 3262 19
286 3206 379 3281 (noo)
399 3205 441 3262 Gr
459 3205 598 3276 {tingatur
615 3209 656 3258 Δι
668 3207 678 3274 11
691 3206 740 3273 qffi
759 3207 804 3274 (-
818 3203 963 3274 quoniam)
981 3208 1018 3273 A,
1036 3219 1106 3272 quo-

143 3277 219 3334 niam
237 3282 271 3344 Β,
289 3293 359 3334 corr.
381 3277 420 3333 Ps’
436 3280 446 3348 11
464 3282 497 3332 21
517 3277 640 3346 aliquem
658 3280 720 3343 ΑΒ,
739 3291 808 3330 corr.
830 3275 955 3346 0121122
975 3291 1105 3332 exsecare

143 3353 184 3402 Δι
200 3351 210 3419 11
223 3348 347 3406 noluerit
364 3353 426 3416 AB,
445 3363 514 3404 ωτι.
534 3347 576 3404 Gr
592 3347 664 3418 lille
682 3353 706 3400 Α
723 3348 781 3418 1124
799 3346 863 3416 reip
881 3348 974 3416 Δ1127
993 3363 1044 3404 noc
1062 3345 1106 3418 311

143 3419 241 3476 nocuit
258 3424 315 3488 n,
334 3436 402 3476 corr.
422 3419 466 3476 Ito
