2692 3960
199 141 264 207 316
568 139 801 207 QUINTILIANI

199 325 329 388 causas,
357 303 413 369 ubi
435 304 584 388 privatae
606 303 696 389 leges
721 305 815 367 erunt
837 305 871 366 et
894 301 935 367 ad
957 302 1055 367 unius
1078 325 1167 370 conr-

198 393 331 459 modnm
354 393 581 477 pertinebunt:
609 413 683 457 eum
709 412 787 456 vero
815 390 854 456 de
881 390 1067 475 proditione
1091 414 1167 479 oge-

198 486 262 567 tur,
285 481 475 566 diligentius
499 481 680 546 intuemini.
726 479 856 544 etiamsi
880 478 974 543 vobis
996 480 1080 545 nihil
1102 483 1167 567 ipsi

199 570 455 637 confitebuntur:
479 573 514 636 at
531 570 603 652 hoo,
625 569 737 634 sinon
756 569 836 633 satis
855 571 1014 633 momenti
1032 570 1167 653 publiea

164 660 344 744 epericulo
371 658 510 743 habent,
542 658 644 725 vestri
674 659 825 741 respectu
857 657 975 741 capitis
1003 658 1167 743 inquirite.

198 749 261 814 hoo
295 749 410 834 igitur,
437 747 551 833 quo[d]
583 747 623 812 de
655 745 729 831 lege
761 749 893 812 cautum
923 750 987 810 est:
1018 749 1168 831 proditor

199 838 394 904 advocatum
416 836 548 918 habuit,
577 835 655 899 licet
677 835 728 899 illi
750 834 835 898 nihil
857 834 1025 917 profuerit.
1069 836 1166 904 Nune

199 947 397 1009 veroquam
417 923 638 989 necessarium
665 944 703 989 ex
729 927 847 987 eventu
873 923 1067 991 ostenditur:
1090 947 1166 1010 pro-

199 1013 286 1080 ditor
309 1013 478 1078 ahsolutus
503 1015 561 1078 est.
602 1010 663 1076 hes
687 1011 738 1076 illi
761 1015 847 1076 artes
870 1011 1059 1098 timuerunt,
1080 1014 1166 1082 hano

148 1120 181 1169 10
199 1102 413 1168 calliditatem
440 1101 682 1167 advocatorum.
731 1099 905 1166 coustituit
933 1103 1020 1166 enim
1046 1107 1165 1169 natura

201 1191 359 1276 quaedam
384 1211 476 1255 arma
495 1189 673 1276 nequitiae,
702 1210 761 1274 per
787 1211 869 1274 quae
896 1189 1096 1256 abducantur
1117 1192 1166 1258 iu·

200 1280 308 1345 dicum
332 1278 443 1345 animi.

270 1367 354 1454 ,Sed
381 1368 468 1453 ipso,
501 1367 621 1452 inquit,
652 1367 784 1450 iudicio,
816 1389 880 1451 quo
910 1366 1081 1435 damnatus
1106 1374 1165 1455 est,

200 1477 267 1522 non
294 1456 344 1522 fni
370 1453 560 1541 patronus.“
606 1453 692 1521 Volo
720 1455 851 1520 interim
874 1455 921 1520 sic
945 1476 1055 1542 agere,
1082 1460 1166 1523 tam-

149 1562 299 1631 mquam
322 1546 446 1612 nullam
469 1545 687 1629 reipublicae
710 1544 862 1609 iniuriam
885 1543 1006 1611 fecerit
1052 1545 1166 1612 otiam-

200 1656 278 1700 uum
301 1634 364 1700 hoo
388 1634 468 1700 satis
487 1637 551 1699 est:
576 1631 751 1698 advocatus
774 1632 950 1717 proditoris
973 1633 1073 1699 fuisti.
1106 1635 1166 1700 fiu-

201 1744 316 1809 gamus
339 1723 442 1808 igitur
465 1721 658 1807 ampliatum
682 1720 784 1786 fuisse
807 1721 962 1788 iudicium
986 1725 1018 1788 et
1035 1726 1166 1790 tantum

200 1811 305 1896 primo
329 1811 449 1877 iudicio
472 1813 647 1895 patronum
669 1810 776 1875 illum:
799 1832 908 1876 nonne
932 1811 1098 1878 damnatio
1118 1834 1165 1877 se·

202 1904 364 1986 queretur,
386 1900 473 1983 quod
496 1898 630 1965 omnino
654 1903 813 1981 patronus
836 1899 976 1966 fuisset?
1001 1922 1068 1966 non
1087 1921 1165 1987 ergo

148 2004 182 2054 20
201 1994 330 2071 tempus
350 1988 471 2052 intueri
490 1987 654 2073 debemus,
677 1988 733 2052 sed
751 2010 893 2073 causam,
915 1988 944 2052 si
961 1987 1060 2054 homo
1079 1989 1166 2056 idem

202 2080 262 2160 es't,
288 2075 317 2140 si
336 2075 459 2141 crimen
476 2074 572 2160 idem,
597 2075 697 2141 silex
716 2078 837 2143 eadem.
870 2079 1019 2162 putemus
1038 2078 1080 2143 ab
1099 2078 1165 2144 alio

202 2186 273 2231 esse
295 2165 493 2230 demnatum.
525 2186 593 2230 non
611 2166 696 2230 euim
715 2166 865 2250 proderit
876 2165 940 2230 tibi
956 2165 1056 2250 istud,
1078 2167 1164 2251 quod

201 2255 342 2338 inputas.
374 2258 452 2319 tune
470 2253 556 2318 enim
575 2254 712 2321 diceres:
734 2254 916 2339 pignorari,
939 2253 1081 2320 elidem
1104 2277 1166 2341 me,

202 2340 288 2426 quod
311 2341 444 2425 iudices,
466 2342 621 2408 fefellitsr
651 2366 739 2409 nunc
760 2342 959 2429 proditorem
984 2343 1088 2409 sciens
1112 2345 1165 2409 de-

148 2445 182 2495 25
201 2430 342 2496 fendisti.
374 2429 459 2494 nihil
482 2431 554 2496 dieo
578 2432 617 2496 de
642 2432 867 2498 advocatione:
891 2434 1008 2495 testem
1030 2431 1165 2514 perdidi.

201 2523 335 2585 tantane
358 2519 441 2585 luori
464 2519 648 2604 cupiditas?
681 2522 727 2586 sio
749 2518 929 2604 proditores
952 2539 1163 2601 corrumpun-

201 2612 264 2673 tur.
297 2606 351 2673 Sic
373 2629 507 2691 prorsus
527 2610 624 2675 homo
643 2608 892 2674 nocentissimus
913 2625 987 2670 oum
1005 2605 1164 2674 advocato

202 2718 260 2762 suo
283 2697 412 2761 loeutus
437 2702 498 2763 est:
521 2717 605 2781 rego
629 2696 758 2780 quidem
776 2692 912 2778 prodidi,
935 2692 992 2757 sed
1009 2713 1165 2779 magnam

201 2783 374 2867 pecuniam
392 2788 515 2870 accepi:
539 2791 573 2850 et
589 2784 652 2849 tibi
670 2782 820 2848 sufficit«.
848 2782 1014 2866 quaeritis,
1032 2783 1166 2870 iudices,

148 2888 182 2938 30
202 2878 359 2957 quantum
386 2874 575 2958 promiserit
602 2870 747 2955 petenti?
771 2893 826 2934 -ε
858 2890 926 2937 non
954 2873 1064 2955 potuit
1089 2895 1165 2957 pro·

1338 3033 1341 3059 1

274 3071 288 3119 1
308 3066 437 3135 privatae
455 3062 533 3134 leges
551 3061 596 3117 Ro
615 3064 625 3131 1
646 3063 727 3116 erant
743 3064 818 3133 11112
837 3063 1016 3134 pertinebant
1033 3067 1054 3116 B
1072 3065 1083 3134 11
1100 3081 1165 3136 ege·
1257 3069 1261 3079 '

200 3138 278 3191 retur
295 3138 371 3206 1114
390 3137 426 3190 ad
443 3138 465 3187 Δ
480 3135 519 3204 116
539 3133 613 3203 quod
632 3133 668 3188 de
686 3137 742 3202 AB,
762 3149 831 3190 corr.
851 3134 918 3201 Sele
936 3133 1026 3203 fort*
1040 3136 1076 3191 ds
1094 3151 1164 3204 quo;

200 3224 239 3262 an
257 3209 311 3262 hoo
328 3207 417 3278 igitur
435 3205 630 3275 quodcumque
648 3204 712 3276 lege
731 3222 792 3261 c.e.
809 3205 901 3276 (?)117
919 3206 968 3260 ille
987 3207 1062 3276 ¹³l⁸
1080 3223 1164 3276 quem

200 3279 234 3346 B,
254 3284 364 3348 quae?
387 3279 396 3347 11
421 3283 453 3331 11
475 3277 614 3346 quaedam
633 3293 683 3333 om.
702 3279 725 3328 Δ
746 3278 755 3347 11
778 3275 944 3332 abdicantur
961 3279 982 3328 B
1000 3277 1057 3345 115
1077 3279 1174 3333 etiam·

200 3365 273 3402 nunc
291 3350 364 3472 aad!
387 3355 421 3403 21
441 3347 540 3404 eadem
558 3350 591 3402 ut
607 3366 635 3417 p.
655 3348 949 3418 21121111031129
970 3346 1080 3404 suffecit
1097 3353 1137 3402 Aa
1155 3349 1165 3420 11

200 3425 233 3473 31
253 3435 290 3488 po
320 3419 362 3470 n'
382 3422 422 3470 Ab
761 3443 766 3454 ι
