2682 3956
398 143 713 200 osonumuiouss.
736 141 871 201 cecum.
1032 143 1097 224 3951

143 311 226 373 certe
250 329 323 372 eum
346 308 418 392 lego
441 308 545 392 petris
569 329 673 388 usum,
705 307 761 390 qui
785 297 882 371 sciret
904 327 962 370 neo
987 329 1021 373 se
1043 329 1099 393 pa·

142 397 223 461 trem
246 418 306 462 nec
328 396 414 463 huno
441 397 553 462 filium.
603 396 842 460 adulescentem
867 397 990 477 autem,
1025 395 1100 479 quie

142 484 283 550 nondum
311 488 517 571 prospectum
540 484 598 552 illo
621 489 770 568 tempore
792 487 917 567 putrem
940 482 1102 567 hebuerit,

129 575 229 636 certe
259 573 336 658 quie.
365 574 505 659 probare
536 596 602 639 non
638 573 796 657 potuerit,
827 571 982 638 tacuisse:
1015 592 1102 636 nune

141 662 252 742 petere
274 662 440 729 talionem.
1119 676 1136 726 o

526 800 706 870 eoum.
766 802 769 807 ’

334 925 398 993 Ins
421 927 605 1011 publicani
628 925 671 993 de
693 925 901 992 unionibus.

140 1049 307 1117 PRAETER
332 1069 583 1118 mennonium
610 1069 766 1118 I'I'INERIS
791 1067 904 1116 OMNES
928 1067 991 1116 RES
1016 1067 1100 1128 QUA-

229 1157 459 1206 Dnnonsmmm
481 1157 677 1207 PUBLICANO
696 1157 871 1205 DEBEANT.
905 1156 1101 1206 PUBLICANO

232 1245 402 1294 sonuum
420 1245 559 1294 mensu.
590 1245 687 1306 QUOD
712 1244 791 1305 oms
814 1244 1009 1293 Pssornssus
1028 1246 1101 1295 NON
1121 1245 1155 1294 10

230 1335 374 1400 nouum,
403 1334 551 1382 Puunnu.
596 1333 792 1381 nsuuounm
819 1334 865 1382 nn
889 1333 1016 1382 mensu
1039 1336 1100 1382 ΑΤ-

196 1415 197 1419 ’
232 1422 394 1471 mouns.
432 1405 582 1471 Matrona
604 1405 667 1470 iter
688 1403 810 1469 faciens
835 1426 908 1468 cum
932 1405 973 1468 ad
995 1406 1100 1489 publi-

233 1515 331 1560 canos
349 1495 501 1578 venisset,
519 1494 654 1559 uniones
672 1493 797 1557 hebens
818 1489 924 1556 0000
939 1493 974 1556 in
994 1494 1101 1558 sinum

230 1582 364 1649 obdidit.
409 1582 470 1648 hos
498 1604 571 1648 eum
598 1581 778 1666 requireret
800 1581 1006 1664 publicanus,
1034 1604 1101 1647 me-

137 1698 141 1702 ·
229 1676 325 1738 trono
357 1670 522 1737 scrutandi
549 1673 746 1754 potestatem
775 1669 862 1735 fecit
907 1668 1100 1752 publicanus
1120 1686 1154 1736 15

229 1761 335 1914 ffist
352 1761 504 1826 scrutari:
524 1759 694 1825 translatis
714 1779 846 1822 manum
864 1757 958 1822 inicit
975 1761 1009 1822 et
1024 1781 1100 1825 suos

527 1969 700 2037 SERMO.

208 2093 420 2172 Quaestiones
453 2100 544 2181 sunt,
572 2117 614 2161 un
644 2095 864 2163 instrumenta
894 2095 1021 2161 itineris
1053 2096 1100 2161 vi·

139 2184 208 2248 deri
234 2184 367 2249 uniones
389 2185 539 2271 possint?
578 2207 633 2268 en,
661 2184 790 2250 etiamsi
812 2207 880 2251 non
902 2184 1031 2268 possint
1052 2183 1100 2249 vi·
1119 2198 1154 2250 20

141 2271 219 2356 deri,
241 2275 352 2338 temen
375 2274 528 2357 quonism
551 2272 592 2337 ad
614 2295 709 2338 usum
732 2277 765 2338 et
787 2276 1014 2339 ornamentum
1032 2295 1100 2338 me·

141 2364 255 2426 tronee
277 2361 385 2444 parati
406 2361 482 2444 sint,
503 2361 539 2425 in
556 2361 765 2428 commissum
783 2363 894 2428 venire
913 2361 1101 2447 potuerint?

141 2471 183 2515 en
206 2449 241 2514 in
262 2469 356 2514 usum
373 2451 481 2534 parati
499 2448 590 2514 sint?
615 2471 666 2533 un,
689 2449 717 2514 si
735 2451 770 2514 in
787 2472 883 2518 usum
900 2449 1009 2537 parati
1028 2451 1102 2535 sint,

43 2601 44 2604 ,
140 2560 207 2604 non
234 2537 358 2604 ostensi
385 2537 490 2603 teneri
516 2536 659 2621 possint,
686 2558 759 2601 eum
787 2542 910 2604 ostensi
939 2538 1024 2609 nihil
1049 2539 1101 2604 de-

141 2627 294 2693 buerint?
313 2648 365 2713 un,
383 2626 530 2712 quemvis
550 2624 690 2691 scrutari
708 2631 892 2692 matronam
910 2651 977 2695 non
994 2627 1103 2713 liceat,
1121 2641 1155 2691 26

143 2717 201 2797 [et]
226 2716 298 2799 ipsu
319 2717 530 2799 permittente
552 2716 611 2798 [et]
636 2713 808 2799 publicano
835 2715 985 2780 licuerit?
1015 2716 1102 2800 <en>

141 2803 277 2887 perinde
303 2805 347 2869 sit
370 2805 602 2871 scrutationem
624 2803 820 2888 permisisse,
844 2824 881 2868 ao
904 2825 973 2868 rem
996 2809 1102 2869 osten·

141 2890 252 2956 disse?
276 2914 318 2956 en
341 2892 475 2978 dimissa
498 2915 549 2958 res
568 2893 637 2978 peti
655 2891 783 2977 possit?
807 2914 849 2956 an
867 2891 948 2956 haec
967 2891 1101 2958 dimisse

142 2979 209 3046 sit?
232 2979 311 3044 dicit
333 2981 419 3046 enim
442 2982 634 3067 publicanus
652 3003 718 3046 non
736 3003 814 3063 rem,
839 2981 894 3045 sed
913 2984 1098 3046 controver-

141 3069 223 3134 siem
248 3068 424 3134 dimissam.
1119 3084 1156 3133 oo

95 3229 99 3238 ¹
214 3213 230 3262 3
249 3208 433 3277 prospectui
452 3213 476 3260 A
493 3210 503 3278 l
521 3208 700 3278 prospectum
718 3213 749 3276 A,
767 3208 924 3278 profectum
941 3212 971 3275 B,
990 3221 1105 3276 perspe-

143 3278 220 3332 ctum
238 3281 296 3334 Aer
313 3281 323 3350 [l
343 3284 376 3333 14
399 3278 509 3334 obdidit
535 3280 628 3333 hecil
647 3279 657 3347 ΙΙ
676 3284 708 3332 16
727 3277 826 3333 iniecit
843 3284 879 3348 A,
902 3277 995 3332 iniicit
1011 3279 1104 3348 31122

142 3350 295 3417 potuerunt
312 3355 353 3404 Ae
365 3353 376 3420 l
390 3355 495 3405 22-28
513 3349 543 3404 in
562 3367 586 3405 c.
604 3367 630 3403 v.
649 3367 677 3418 p.
697 3364 721 3402 a.
740 3349 757 3402 i.
776 3367 805 3402 u.
825 3367 852 3418 p.
872 3348 929 3403 sint
947 3365 997 3403 om.
1012 3349 1104 3417 31128

143 3417 168 3473 si
186 3435 236 3474 oon.
256 3425 297 3474 Aa
310 3421 319 3489 l
333 3427 368 3476 26
387 3421 440 3492 [et]
456 3420 474 3475 i.
489 3439 516 3490 p.
532 3421 586 3492 [et]
605 3419 672 3488 Rol
694 3416 772 3492 <en>
789 3419 834 3474 Ro
846 3420 856 3488 ΙΙ
869 3425 903 3474 28
921 3417 1104 3492 <re>petiRo
