2650 3954
227 65 228 70 ἵ
244 49 312 178 432.
611 112 842 180 QUINTILIANI

246 277 357 359 potest
384 275 505 340 vivere:
536 274 598 340 hoe
631 279 682 340 est
702 275 821 356 *miseri
848 275 974 340 iuvenis
1004 275 1210 340 amatorium.

247 366 280 428 et
310 362 369 427 illo
401 364 473 428 loeo
503 364 658 448 dicemus,
686 385 752 427 non
782 384 878 448 posse
912 363 1004 428 illum
1036 363 1210 447 aliquando

247 451 401 517 damnum
425 454 558 537 sentire,
587 453 642 537 qni
670 452 760 517 nullo
785 450 896 517 labore
919 454 1029 518 tentos
1053 457 1208 537 quaestus

246 539 355 606 faeiat
395 541 603 608 invidendum
626 541 690 620 illi,
714 539 877 605 nisi-leno
902 543 996 606 esset.
1310 583 1315 886 p

212 807 229 856 s
584 785 870 856 cccnxxxvl.

495 910 705 992 Iphicrates
728 928 808 977 enm
832 910 966 992 gladie.
1313 945 1315 1066 p

247 1053 335 1118 Reus
358 1058 409 1118 est
431 1053 626 1136 Iphicrates,
650 1053 735 1138 quod
759 1054 826 1120 vim
849 1054 969 1122 iudicio
988 1055 1112 1138 feeerit,
1135 1075 1209 1120 eum

337 1139 444 1226 Cotyn
478 1140 641 1206 Thracum
673 1161 784 1226 regern
815 1143 850 1207 in
882 1143 916 1208 id
952 1143 1140 1209 adduxisset
1176 1147 1210 1208 et
1314 1185 1315 1190 κ

339 1229 449 1317 gladio
473 1230 598 1296 einetus
621 1231 691 1314 ipse
713 1232 867 1298 venisset.

197 1442 230 1494 10
257 1421 259 1425 ’
560 1423 897 1490 DECLAMATIO.

314 1548 392 1615 Non
414 1549 549 1613 tulimus
568 1549 718 1632 tabellas,
733 1549 798 1614 sed
816 1549 978 1634 fugientes
996 1549 1211 1634 proiecimus3

247 1658 314 1703 non
346 1636 479 1702 iudices
501 1659 594 1702 reum
627 1637 853 1722 absolverunt,
884 1637 939 1702 sed
972 1660 1046 1702 reus
1078 1638 1210 1705 iudices.

249 1726 327 1811 quid
350 1729 401 1790 est
423 1725 494 1790 vis?
531 1725 612 1790 haee
633 1726 672 1790 fit
696 1726 776 1791 alias
800 1726 973 1811 patientia,
1002 1727 1083 1793 elias
1106 1727 1211 1812 rietu3

249 1836 388 1899 qnorum
422 1814 560 1879 alterum
592 1814 633 1880 sd
666 1835 795 1900 eorpus,
828 1815 968 1879 alterum
996 1814 1037 1878 nd
1066 1815 1212 1880 animum

197 1918 231 1968 15
249 1903 399 1986 pertinet.
437 1903 465 1968 si
488 1902 572 1968 male
595 1903 773 1968 iudicatum
797 1908 856 1988 est,
878 1903 943 1968 fuit
966 1902 1098 1988 aliquid,
1122 1903 1211 1989 quod

248 1990 345 2055 iudex
360 1991 513 2059 timeret.
558 1992 620 2057 hoe
649 1991 695 2056 sie
718 1990 835 2075 probo:
868 1992 974 2076 qualis
997 1993 1033 2056 in
1054 1992 1212 2057 iudicium

248 2079 363 2144 venis?
409 2101 469 2166 ego
500 2081 592 2146 illum
621 2079 771 2144 habitum
800 2102 929 2146 reorum
959 2102 1121 2146 noveram.
1168 2081 1212 2146 ed

250 2190 423 2253 summam,
455 2169 487 2233 id
515 2170 622 2235 solent
649 2169 696 2233 rei
724 2192 744 2233 a
774 2169 936 2234 iudicibus
965 2171 1089 2254 petere,
1122 2169 1210 2254 quod

248 2279 353 2341 nuper
376 2257 499 2323 iudices
522 2257 644 2342 petiere
668 2279 688 2322 s
710 2278 776 2341 reo,
799 2258 835 2322 ut
859 2257 923 2322 sibi
946 2262 1101 2341 parceret.

193 2467 229 2518 20
645 2449 818 2517 SERMO.
1016 2515 1020 2523 ,
1311 2313 1315 2528 A

315 2576 403 2640 Reus
427 2575 517 2639 dicit:
541 2596 636 2659 „non,
655 2575 770 2659 inquit,
788 2576 851 2640 hoe
869 2576 979 2641 animo
997 2575 1070 2659 feei,
1087 2580 1125 2641 nt
1143 2577 1213 2642 vim

249 2664 402 2729 fenerem:
425 2662 507 2743 ideo,
530 2663 645 2747 inquit,
669 2663 815 2748 gladium
837 2665 950 2748 attuli,
964 2668 1003 2730 ut
1019 2664 1078 2730 illo
1095 2686 1157 2748 me,
1181 2665 1213 2730 si

248 2752 404 2817 innocens
428 2772 601 2837 oppressus
624 2773 743 2834 essem,
766 2751 1008 2819 interficerem.“

322 2949 338 2998 6
356 2943 503 3013 Epicrates
522 2947 586 3013 AB,
605 2959 674 2998 corr.
694 2943 735 2999 Gr
756 2944 766 3013 ss
789 2947 804 2998 ⁷
825 2943 981 3014 ephierstes
1000 2948 1038 3012 A,
1071 2945 1212 3014 epierstes
1314 2943 1315 2948 ’

251 3017 272 3068 Β
295 3015 305 3084 11
329 3019 399 3070 7-8
418 3030 483 3068 eum
500 3013 659 3068 tndirseum
677 3014 785 3085 Regem
804 3031 838 3070 en
855 3015 886 3070 id
903 3020 924 3071 Β
944 3018 954 3087 11
976 3021 992 3070 9
1013 3020 1128 3070 cunctus
1146 3020 1189 3068 Aa
1202 3016 1214 3087 ΙΙ

253 3089 285 3139 17
325 3083 402 3156 non>
415 3101 549 3140 noveram
561 3086 641 3155 Aert
657 3091 689 3140 19
708 3087 855 3157 parcerent
872 3091 893 3139 B
912 3089 968 3157 1121
988 3086 1064 3142 dicet
1081 3086 1138 3142 Aer
1151 3087 1212 3155 tw

249 3158 295 3211 ret
326 3157 333 3168 '
353 3159 418 3224 AB,
437 3173 506 3216 eorr-
526 3156 576 3221 Gr,
594 3172 705 3212 meeum
722 3157 777 3211 tuli
797 3157 876 3226 ΟΜ
894 3164 927 3212 23
946 3173 1110 3228 suppressus
1128 3160 1150 3210 B
