2640 3968
586 158 814 225 QUINTILIANI

622 353 770 422 com.

328 481 428 548 Exul
452 480 637 548 aecusator
661 480 699 547 et
721 480 919 548 sententiae
942 496 1058 564 pares.

215 607 327 691 Exeo,
350 625 411 686 QUI
435 623 617 673 soenorum
640 623 688 671 AD
711 621 961 670 annroamcan
979 623 1177 672 renarrans

304 712 474 761 morcone
507 712 699 779 venonam,
736 711 879 759 enasor
912 711 949 758 m
987 710 1178 758 crvlrtrnn

180 799 196 848 5
302 799 488 849 'annonam
520 799 761 868 Porsennam,
798 801 844 847 nr
877 800 909 849 or
943 799 1177 866 marcovaarr,

303 891 447 938 morano
476 891 514 938 m
541 889 716 938 orvmnrn
762 871 849 937 1⁴]qu
878 871 960 937 dixit
988 893 1022 936 se
1050 871 1179 956 habere,

304 962 391 1047 quod
415 962 454 1027 de
478 960 642 1027 adfectata
665 960 838 1045 tyrannide
862 959 991 1027 diceret.
1032 960 1178 1025 venitin
1211 988 1218 1002 ·

303 1051 478 1116 civitatem.
504 1050 685 1135 postularit
702 1071 802 1114 reum.
831 1049 860 1114 ie
879 1049 991 1133 aequis
1006 1049 1177 1115 sententiis

302 1140 473 1204 absolutus
498 1143 556 1205 est.
579 1138 643 1204 fert
665 1138 797 1223 quidam
818 1138 1034 1224 rogationem,
1056 1140 1094 1204 ut
1112 1159 1178 1203 ms·

304 1230 390 1294 neat.
414 1225 486 1294 01).

604 1385 781 1452 SERMO.

277 1509 393 1574 Potest
415 1509 525 1574 venire
548 1507 583 1573 in
606 1508 753 1592 dubium,
776 1531 840 1595 quo
864 1529 981 1594 genere
1005 1507 1174 1574 divisionis

211 1599 262 1663 uti
283 1619 343 1663 nos
367 1598 401 1663 in
424 1598 486 1664 hae
505 1597 728 1664 controversia
747 1599 906 1681 oporteat.
941 1596 1070 1662 videtur
1088 1598 1176 1662 enim

212 1687 371 1772 quaedam
402 1707 499 1770 posse
526 1686 630 1752 dicere
659 1686 757 1752 etiam
781 1687 864 1751 eitra
890 1685 1096 1770 rogationem
1124 1686 1177 1752 ad·

160 1791 192 1840 15
211 1778 346 1853 vocatus
364 1774 461 1840 huius
481 1775 592 1858 exulis,
614 1797 673 1859 per
691 1795 774 1859 quae
792 1775 842 1839 ius
857 1771 1010 1839 manendi
1025 1774 1175 1840 vindicet.

210 1867 319 1928 utrum
352 1883 430 1949 ergo
462 1863 556 1946 haee,
589 1885 672 1949 quae
699 1862 782 1928 eitra
809 1862 1016 1948 rogationem
1048 1885 1175 1949 quoque

210 1972 270 2038 pro
294 1951 352 2017 illo
375 1951 486 2018 futura
509 1957 598 2036 sunt,
626 1951 769 2016 dicemus
793 1953 869 2016 ante
891 1950 1104 2036 principium,
1133 1974 1176 2016 an

211 2041 326 2106 statim
348 2041 573 2126 rogationem?
611 2039 733 2125 speeies
757 2061 795 2105 eo
819 2039 922 2124 ducit,
949 2044 999 2122 ut,
1022 2041 1176 2125 quoniam

212 2135 245 2196 et
267 2130 464 2215 praecedant
487 2132 520 2194 et
542 2128 665 2193 leviora
687 2127 866 2213 videantur,
889 2129 950 2211 [et]
969 2129 1077 2214 prima
1100 2129 1175 2194 sint,

158 2233 193 2284 ao
212 2217 269 2284 sed
290 2219 376 2285 ratio
399 2219 562 2285 diversum
585 2215 666 2282 mihi
685 2216 818 2284 suadere
837 2215 974 2300 videtur,
996 2215 1069 2282 ideo
1088 2215 1175 2302 quod

210 2307 393 2374 necessaria
410 2307 504 2372 nobis
524 2304 672 2389 quaestio
691 2305 871 2390 superabit:
894 2327 937 2371 an
950 2304 1031 2371 haee
1044 2307 1174 2392 rogatio

211 2399 327 2480 eontra
353 2397 460 2480 legem
486 2391 625 2480 feratur3
657 2395 691 2460 in
719 2394 810 2460 ouius
838 2397 931 2479 parte
955 2395 1020 2459 sint
1043 2415 1173 2459 neeesse

211 2488 262 2549 ert
297 2485 370 2565 illa,
406 2503 627 2567 quaecumque
655 2482 774 2548 dicturi
802 2505 926 2548 sumus:
959 2504 1000 2548 an
1027 2483 1176 2548 videatur
1238 2493 1241 2496 '

211 2571 264 2638 hie
288 2572 388 2637 etiam
412 2571 476 2636 alia
499 2571 571 2656 lege
594 2592 761 2637 remanere
779 2571 946 2656 potuisse?
970 2591 1011 2636 an
1029 2571 1173 2656 rogatio·

103 2691 107 2699 ·
158 2677 192 2726 ao
210 2683 286 2726 nem
317 2659 402 2725 ferre
435 2662 586 2744 oporteat
613 2659 654 2724 ad
684 2661 832 2745 singulos
861 2659 1100 2744 pertinentem?
1133 2681 1175 2724 an

211 2752 324 2816 eontra
346 2749 474 2833 legem?
512 2769 555 2813 an
583 2747 664 2814 haee
686 2749 814 2834 rogatio
838 2751 954 2814 eontra
977 2749 1084 2834 legem
1108 2745 1173 2813 sit?

212 2858 255 2902 an
277 2837 431 2902 meruerit
454 2837 510 2902 ille
533 2837 724 2904 remanere?

286 3011 457 3067 asenetum
477 3014 552 3081 ape
571 3010 617 3067 his
636 3012 729 3080 apra
749 3012 913 3080 gneapra
932 3009 1174 3081 videaturspm

210 3097 261 3152 per
280 3082 345 3154 5113,
372 3099 423 3153 per
445 3099 530 3167 quam
548 3088 568 3136 1’
590 3085 600 3153 ΙΙ
624 3088 656 3136 17
673 3083 765 3166 illan
788 3083 798 3152 ΙΙ
820 3081 876 3136 sint
894 3085 946 3134 Δι’
969 3085 979 3151 ΙΙ
1004 3088 1036 3138 18
1056 3084 1175 3152 etpost

210 3158 422 3280 {ntro
437 3153 910 3294 tamrtttttsttt
926 3152 1174 3293 ttttttttt

210 3296 320 3366 rogatio
340 3298 434 3365 Anto
453 3296 490 3352 sit
508 3312 558 3352 om.
570 3299 601 3347 ¹A
