2650 3954
252 154 319 220 434
509 121 512 126 ’
574 147 581 161 ’
618 149 850 217 oumrnnru

253 315 356 401 domi,
377 314 582 399 propinquis,
605 311 808 395 domesticis,
834 311 975 392 libertis,
1002 309 1096 375 aviae
1119 310 1215 396 (faci
1312 339 1313 350 ί

253 427 316 470 nus
344 400 543 489 indignuml)
571 402 670 467 matri
696 404 828 465 tantum
849 399 989 485 probare
1010 419 1078 464 nou
1100 420 1214 484 possu-

253 515 340 559 mus:
363 513 466 577 usque
490 513 528 556 eo
553 512 587 554 se
609 490 750 555 libenter
772 486 875 554 credit
894 488 1054 572 orbatam,
1076 492 1115 552 ut
1137 509 1213 554 suos

254 603 321 648 non
342 580 409 646 nisi
430 582 577 646 mortuos
601 580 767 663 agnoscam
798 575 885 660 quod
903 577 933 641 si
951 577 1048 641 untes
1064 576 1215 660 ignotum

220 669 329 754 efuit,
350 671 509 754 quantum
530 667 687 753 pecuniae
710 665 869 750 cupiditas
891 665 1007 749 possit,
1027 665 1146 730 victrix
1169 668 1214 730 et·

255 759 322 824 iam
349 757 388 822 de
415 761 534 822 natura
560 755 752 840 triumphat.
797 753 928 838 mulier,
954 752 1050 818 modo
1079 754 1215 818 cadam

254 852 424 931 tamqu
454 845 561 910 filium
590 843 774 929 complexa,
804 863 892 907 nunc
918 842 1023 906 filium
1045 845 1214 926 tamquam

256 935 391 1001 cadaver
412 933 513 1019 fugit!
559 954 642 1018 quae
669 931 767 998 funus
791 953 885 996 suum
908 933 1038 996 tantum
1061 929 1126 996 sibi
1149 951 1214 995 cre·

255 1023 351 1106 didit,
383 1021 637 1108 gratulationem
668 1019 794 1086 nemini
825 1018 1002 1102 cred[id]it!
1053 1017 1216 1086 infelicem

204 1133 238 1184 ιο
255 1131 393 1197 puerum
420 1111 492 1175 sola
512 1131 579 1175 non
601 1108 752 1194 agnoscit
774 1129 813 1172 ex
834 1108 1038 1194 propinquis.
1084 1129 1216 1174 causam

255 1197 434 1287 quaeritis?
455 1221 518 1263 -ε
541 1198 618 1283 quia
638 1197 729 1262 vivit
1091 1277 1095 1288 ,

323 1286 518 1370 [Narratio]
563 1284 749 1350 Habuimus
781 1285 1020 1351 adulescentem
1056 1284 1215 1368 optimum

256 1377 487 1463 propinquum,
522 1375 731 1440 mitissimum
767 1377 956 1458 patronum,
991 1373 1217 1438 fidelissimum

257 1465 410 1531 amicum:
442 1463 597 1528 maritum
623 1483 701 1528 vero
727 1461 867 1526 nimium
893 1482 1021 1546 quoque
1049 1461 1217 1545 uxorium,

202 1573 239 1623 rs
258 1552 344 1638 quod
370 1551 567 1638 ignovimus:
597 1551 703 1615 filium
726 1551 913 1616 sustulerat.
957 1571 1038 1634 puer
1060 1550 1215 1614 continuo

258 1640 299 1706 sd
321 1640 430 1706 ariam
451 1640 630 1704 translatus
654 1642 713 1704 est.
745 1639 867 1704 scilicet
890 1638 929 1703 ab
945 1638 1004 1703 illa
1025 1639 1142 1703 matris
1166 1639 1218 1702 in-

258 1728 429 1814 dulgentia
455 1730 613 1812 occupats
640 1731 691 1792 est
713 1727 849 1792 ethaeo
872 1727 1020 1792 ablatum
1042 1747 1108 1791 non
1131 1726 1216 1790 indi-

259 1821 361 1904 gnata
387 1820 447 1882 est.
490 1819 562 1882 toto
593 1815 644 1880 illi
667 1836 800 1899 corpore
822 1815 979 1898 innotuit,
1015 1836 1083 1880 non
1104 1818 1218 1879 tamen

258 1904 445 1970 ulteriorem
468 1902 561 1970 avias
583 1904 735 1969 notitiam
756 1904 926 1988 profiteor:
948 1906 1101 1988 nepotem
1120 1924 1218 1968 suurn

206 2011 241 2060 ro
259 1991 381 2074 optime
394 1991 477 2057 facia
490 1991 592 2058 novit
613 1990 755 2057 moriens
769 1992 872 2075 igitur
884 1991 1086 2076 propinquus
1103 1995 1220 2056 noster

258 2082 491 2146 testamentum
513 2079 646 2164 scripsit
667 2078 764 2144 breve
787 2083 821 2144 et
839 2081 985 2164 simplex.
1015 2102 1093 2146 uam
1110 2100 1219 2163 neque

259 2167 315 2233 diu
334 2167 373 2233 de
390 2167 497 2252 primo
514 2167 632 2233 herede
651 2167 860 2271 cogitandum
877 2167 942 2233 fuit
954 2168 1090 2234 habenti
1102 2167 1220 2270 filium,

258 2275 364 2409 tlt
387 2254 759 2410 ‘lttttttttttt
767 2277 916 2428 titt,
947 2277 1220 2429 ttbsstttn

205 2449 240 2499 25
259 2432 399 2518 gratim
420 2431 565 2498 referret
609 2453 713 2517 neque
735 2433 809 2497 aria
831 2437 961 2518 captare
983 2436 1220 2498 testamentum

259 2520 328 2585 eius
351 2520 401 2585 fas
423 2520 566 2604 putavit,
594 2521 648 2586 cui
670 2520 891 2587 destinaverat
914 2543 1015 2586 arrum.
1060 2521 1141 2586 haec
1165 2526 1220 2586 est

259 2611 373 2673 nostra
389 2608 549 2673 narratio:
572 2608 639 2675 ista
655 2611 767 2674 narret
786 2629 862 2674 suos
881 2609 1014 2695 piratas.
1045 2630 1112 2674 non
1130 2610 1220 2674 inse-

259 2717 340 2780 quar
367 2716 439 2760 eam
466 2696 620 2780 malignis
648 2695 901 2780 suspicionibus,
930 2697 996 2762 nisi
1023 2697 1110 2781 quod
1138 2718 1220 2762 suos

258 2782 414 2848 libentius
446 2786 592 2849 mortuos
625 2784 783 2870 agnoscit.
826 2783 956 2850 habetis
992 2785 1221 2850 narrationem

207 2887 242 2938 80
259 2870 361 2955 pueri,
383 2869 511 2936 habetis
535 2874 569 2935 et
590 2871 719 2936 matris:
743 2871 852 2938 audite
870 2873 991 2938 liberti
1018 2873 1221 2957 interposito

259 2961 406 3043 tempore
434 2957 570 3024 libertus
600 2961 698 3024 notae
727 2960 903 3043 probitatis
935 2958 1084 3045 (deorum
1116 2960 1218 3026 credo

259 3355 311 3394 uec
329 3339 508 3422 Alpsiorem
527 3344 586 3410 AB,
604 3358 673 3398 corr.
683 3343 741 3398 Aer
752 3345 763 3413 ll
776 3348 811 3398 24
828 3343 967 3398 honorata
982 3347 1044 3413 AB,
1062 3359 1132 3400 oorr.

261 3413 295 3462 so
312 3409 401 3464 matre
421 3414 479 3478 ss,
498 3426 567 3466 corr.
586 3410 643 3467 Aer

331 3128 577 3201 tmediditll‘l
597 3138 629 3186 Ν
650 3133 864 3203 ΔΙΙηπΗΙδ
882 3131 936 3188 sibi
967 3132 1124 3202 linisllt
1142 3135 1221 3204 grat.
1312 3135 1313 3142 ’

258 3218 332 3260 nem.
352 3199 472 3258 credidit
489 3217 539 3260 om.
557 3205 593 3272 Β,
615 3217 685 3258 corr.
704 3203 769 3258 Lat.
783 3205 793 3273 ΙΙ
808 3208 841 3257 10
859 3205 889 3258 et
904 3206 926 3256 B
965 3207 997 3258 12
1016 3203 1220 3275 *marratiok

259 3271 702 3342 cfi812‚41118fidelisstnfl
726 3273 815 3328 lead
832 3277 864 3339 Δ,
882 3274 912 3329 et
929 3277 959 3342 ll,
978 3289 1048 3330 corr.
1066 3274 1126 3330 edd.
1142 3273 1225 3416 ἑσῖῇ
