2682 3956
219 143 286 208 350
584 138 813 207 QUINTILIANI

218 305 316 369 minis
342 303 451 388 aliqua
472 325 533 388 pro
557 302 666 368 liberis
691 304 847 386 egissent:
871 306 904 366 et
927 302 1000 367 ideo
1022 301 1184 369 adiaalum

219 397 270 458 esi
292 392 327 457 in
350 393 438 478 lega,
468 393 552 476 »qui
584 392 788 457 voluntate
819 391 963 455 domini
994 390 1034 454 in
1062 391 1183 455 liber·

218 485 303 547 late
330 480 482 546 fuerit«.
535 501 613 565 ergo
642 480 739 545 eliam
772 478 875 543 invito
908 479 1041 543 domino
1072 483 1185 563 potest

219 568 335 654 aliquis
365 590 436 634 asse
465 569 501 634 iu
524 569 690 651 libertale,
721 568 827 632 invito
852 571 960 632 aulem
984 589 1049 631 non
1074 571 1184 651 polest

184 674 290 724 besse
317 657 407 722 liber.
454 656 543 722 aliud
571 660 622 721 esi
644 656 679 720 in
701 656 854 721 libertale
878 677 961 740 assa,
990 655 1078 720 aliud
1101 656 1183 721 liba·

219 769 291 812 rum
316 767 395 810 esse.

285 833 379 899 Hane
410 833 524 918 igilur,
556 834 596 898 de
620 855 685 918 qua
708 832 886 917 quaeritur,
918 831 989 896 dico
1012 832 1183 897 voluntate

218 926 275 987 tua
302 921 404 987 fuisse
427 922 463 985 in
484 922 646 987 libertale.
691 920 753 986 hoe
776 920 937 1005 quomodo
960 919 1087 1004 probo?
1117 941 1182 1005 quo

217 1031 282 1075 uno
309 1010 442 1094 probari
469 1013 591 1093 polest:
622 1008 701 1074 fecii
727 1008 851 1093 aliquid
878 1013 1046 1092 tamquam
1068 1007 1182 1074 libera.

166 1115 198 1162 10
216 1095 370 1162 Nondum
385 1096 466 1181 diao,
480 1096 520 1161 ad
534 1098 659 1182 pirulas
678 1097 839 1182 pervenit3
857 1097 1024 1161 dissimulo
1044 1101 1077 1161 el
1090 1096 1182 1181 illud,

217 1208 282 1272 qua
310 1206 407 1250 causa
434 1185 576 1251 volueris
606 1185 735 1250 samin
758 1187 909 1250 libertate
932 1207 1017 1250 asse:
1048 1185 1181 1250 inierim

217 1275 277 1356 [at]
306 1275 432 1340 volante
458 1278 491 1338 le
521 1277 554 1338 ei
581 1278 748 1359 spectante
777 1274 892 1340 habitu
915 1276 1086 1338 matronae
1109 1273 1181 1338 fuit.

215 1362 278 1428 hoa
308 1363 389 1428 satis
418 1366 501 1448 arai,
533 1362 662 1427 aliamsi
689 1367 804 1446 postea
825 1362 917 1427 nulla
940 1365 1049 1426 esseni
1071 1383 1180 1427 consa·

216 1455 298 1518 outa.
336 1473 379 1519 an
402 1473 479 1517 vero
502 1453 607 1516 maius
630 1452 666 1514 in
687 1449 749 1517 hoa
772 1455 925 1537 putamus
949 1471 1020 1514 essa
1038 1470 1180 1515 momen-

164 1553 196 1603 15
215 1543 295 1626 lum,
318 1543 356 1604 ut
378 1540 641 1605 circumventores
665 1539 864 1624 mancipium
888 1542 945 1603 aul
968 1537 997 1602 si
1019 1560 1083 1603 una
1101 1559 1179 1603 voca

215 1627 354 1692 liberum
374 1649 443 1693 esse
461 1629 605 1712 iusseris,
629 1650 726 1712 quam
746 1629 773 1692 si
790 1627 941 1692 habilum
959 1627 1093 1710 dederis,
1113 1630 1178 1691 alo·

214 1717 280 1780 lam
305 1715 452 1781 dederis?
476 1717 563 1801 quod
587 1738 628 1781 ne
650 1715 857 1782 manumissis
876 1715 1008 1799 quidam
1027 1713 1178 1780 omnibus

215 1825 275 1869 aon
277 1804 433 1889 ti<n>gia

587 1907 804 1993 <SERMO>

163 2029 196 2079 ao
283 2013 356 2079 Hoc
378 2013 450 2082 loco
473 2015 552 2100 poni
577 2015 661 2080 solet
646 2013 776 2079 lillud:

510 2187 886 2275 <nncunnsniu>

279 2294 385 2380 ,llum
404 2297 507 2380 igitur
530 2295 558 2361 si
581 2295 615 2360 in
635 2317 783 2362 scaenam
802 2298 922 2365 misero
941 2302 974 2363 et
992 2298 1083 2365 mimi
1102 2321 1175 2382 par·

212 2383 310 2468 tibus,
334 2388 502 2468 tamquam
525 2388 684 2468 matrona,
705 2387 909 2470 processerit,
931 2388 1052 2470 potaril
1073 2386 1175 2452 videri

213 2493 286 2536 mea
303 2473 471 2537 voluntale
489 2472 525 2536 in
542 2473 694 2538 libertale
712 2473 825 2541 esse?“
845 2496 911 2540 non
931 2476 981 2538 est
966 2474 1060 2538 thoe
1075 2494 1173 2556 porro

159 2574 192 2623 aa
213 2559 332 2624 simile.
360 2581 437 2626 nam
468 2560 541 2642 ipsa
573 2562 686 2627 statim
718 2584 836 2629 scaena
862 2582 930 2625 rem
958 2561 1068 2626 fialam
1101 2581 1173 2626 essa

212 2651 359 2713 testatur.
406 2647 492 2712 stola
517 2649 574 2714 illa
605 2651 722 2716 mimae
751 2651 827 2734 erit,
855 2670 922 2714 non
944 2647 1094 2714 hominis.
1141 2654 1175 2716 at

213 2735 373 2800 eadem
347 2757 375 2800 s1
397 2735 459 2801 hoa
481 2736 673 2803 habitui
619 2743 673 2802 ext
674 2760 711 2802 ra
734 2758 883 2802 saaenam
906 2736 1004 2801 falerii
989 2739 1085 2801 l'ai
1075 2759 1111 2802 ιιι
1130 2737 1173 2803 ci·

210 2823 347 2888 vitalem
373 2827 581 2907 processerit.
614 2825 724 2890 eadem
750 2825 821 2907 illa,
850 2845 932 2908 quae
960 2825 1045 2891 solet
1030 2826 1173 2891 lmima

154 2998 162 3007 .
212 2931 295 2994 ease,
327 2911 541 2978 nihilominus
565 2913 657 2978 erit
647 2935 682 2976 ln
703 2913 772 2977 iure
794 2912 969 2979 libertatis
1015 2935 1093 3000 argo
1116 2914 1172 2979 ha-

281 3055 298 3103 ι
318 3067 374 3119 quo
392 3050 466 3120 3114
485 3066 545 3105 essa
564 3048 666 3118 aliquis
684 3052 758 3121 3118
777 3068 838 3106 essa
856 3055 903 3123 Al
922 3059 955 3107 12
975 3052 1029 3125 [at]
1049 3051 1172 3122 Roflvi·

210 3121 294 3176 dente
312 3125 373 3190 AB,
391 3137 460 3176 corr.
479 3120 523 3175 Ro
541 3121 589 3202 afa.
609 3125 673 3188 351,
687 3125 741 3189 21;
759 3139 797 3177 aa
813 3121 953 3178 *iubente
973 3122 1029 3192 (?)l
1050 3129 1083 3177 14
1101 3139 1170 3176 mo·

208 3165 404 3272 mantili}
424 3196 456 3246 18
476 3189 552 3246 conti
572 3163 844 3273 n>gitAeru19
847 3193 1169 3276 21(Sermoh.1..p

209 3261 262 3384 a
273 3192 908 3403 salsammauu
923 3263 1081 3390 aaa
1096 3279 1170 3405 aa

208 3399 315 3455 mima
334 3405 379 3472 ΔΙΙ
392 3403 547 3458 minimaB
