2668 3968
239 153 303 220 100
604 150 832 219 QUlN‘flLIANI

301 316 485 382 Indebitam
507 316 678 399 pecuniam
702 316 742 381 ab
767 315 869 380 amico
891 318 967 399 peto
986 319 1020 380 et
1037 314 1124 380 hunc
1141 337 1198 399 po-

235 406 409 489 tissimum,
437 425 533 488 quem
556 404 782 486 calumniarer,
807 403 912 486 clegi?
937 426 1010 469 oum
1034 403 1061 468 si
1084 403 1199 486 defodi,

237 494 266 559 si
289 494 458 578 abscondi,
485 513 572 578 oum,
595 493 625 558 si
647 494 701 558 hic
723 513 797 558 vere
820 514 942 578 pauper
967 496 1025 575 est,
1047 514 1088 557 ne
1108 491 1198 558 dam-

236 586 315 648 nato
344 582 473 667 quidem
496 583 559 646 sim
582 586 782 666 recepturus:
814 601 883 646 rem
906 580 1142 665 incredibilem,
1164 581 1200 647 in

202 687 302 757 uqua
333 693 385 736 me
418 671 599 737 dementiae
632 671 764 742 crimine
797 669 943 736 damnari
972 690 1102 735 necesse
1136 670 1199 735 estl

238 765 314 826 ante
342 759 453 826 omnia
480 759 658 844 perdidisse
684 780 737 825 me
764 779 893 824 omnem
924 758 1094 842 pecuniam
1118 758 1214 842 dico,-

236 870 278 914 ne
296 848 385 924 dives
405 869 476 913 esse
495 848 631 932 possim,
655 847 728 914 ideo
748 847 876 913 demum
891 846 1041 931 mentior,
1064 852 1100 912 ut
1117 846 1199 912 mihi

237 959 310 1002 oum
338 936 463 1002 duobus
492 937 593 1001 servis
621 937 735 1016 tortis,
758 937 786 1001 si
809 940 920 1002 tamen
943 935 1125 1021 quaestioni
1148 958 1199 1001 su·

237 1024 431 1110 perfuerint,
454 1025 627 1090 vivendum
650 1025 716 1090 sit?
741 1024 769 1090 si
792 1024 915 1109 minus,
939 1024 1012 1109 soli,
1034 1025 1142 1109 qualis
1165 1026 1201 1090 in

188 1130 220 1179 10
240 1113 336 1180 exilio
366 1113 426 1198 tui,
454 1113 559 1198 qualis
585 1136 658 1180 cum
681 1112 1046 1199 tyrannum'fugerom?
1082 1133 1143 1199 ego
1172 1114 1201 1178 si

238 1203 420 1268 calumnior
443 1203 583 1269 amicum
605 1224 722 1288 meum,
746 1201 931 1288 graviorem
954 1223 1094 1287 poenam
1115 1202 1200 1268 ferre
1255 1235 1259 1248 ι

238 1313 306 1359 non
328 1313 478 1376 possum:
503 1292 602 1377 perdo
627 1291 781 1376 quidquid
804 1295 889 1375 peto.

300 1380 345 1446 Et
377 1402 474 1465 quam
507 1402 637 1446 oausam
673 1380 835 1446 irascendi
866 1380 930 1446 tibi
962 1379 1085 1444 habui?
1123 1378 1201 1462 quid

237 1473 366 1534 tantum
389 1470 467 1534 mali
484 1469 592 1535 fecisti
615 1469 706 1553 mihi,
728 1474 767 1534 ut
783 1488 845 1553 ego
863 1489 929 1534 non
944 1469 1007 1534 sim
1025 1467 1200 1533 tormentis

188 1573 220 1623 1⁶
239 1558 297 1639 [is]
316 1558 382 1624 tuis
405 1556 599 1623 contentus?
631 1555 719 1641 Scio,
742 1557 806 1623 dici
830 1557 936 1622 simile
960 1556 1084 1642 aliquid
1102 1556 1201 1623 etiam

240 1668 279 1710 ex
306 1649 400 1730 parte
428 1645 569 1712 diversa:
606 1668 700 1731 quem
729 1646 792 1711 sibi
825 1667 920 1711 usum
943 1645 1013 1711 fore
1036 1645 1202 1730 pecuniae,

239 1734 334 1800 dicet.
375 1739 450 1800 ante
474 1735 583 1800 amnia
605 1735 668 1800 hoc
691 1734 849 1806 dissimile
869 1738 932 1800 est:
958 1734 1044 1818 quod
1066 1734 1202 1818 pauperi

240 1823 362 1906 alioqui
389 1827 422 1888 et
449 1821 585 1888 duorum
613 1824 789 1889 liberorum
811 1823 899 1908 patri
920 1821 1017 1907 (quae
1040 1844 1092 1888 rea
1116 1842 1202 1888 acer·

239 1911 364 1976 biorem
387 1915 615 1997 paupertatem
646 1909 741 1996 facit)
773 1915 884 1976 tamen
911 1915 1037 1977 secreta
1065 1911 1203 1995 pecunia

188 2015 222 2064 20
241 2003 275 2064 et
314 1999 426 2065 abdita
467 2000 572 2065 adfert
614 2000 829 2066 securitatem.
883 2021 961 2065 nam
1002 2002 1038 2064 ut
1075 2021 1201 2084 posses·

229 2087 348 2154 'aiones
371 2110 439 2154 non
466 2110 575 2173 pares,
603 2092 640 2153 ut
662 2088 824 2154 familiam
846 2110 913 2154 non
936 2110 1041 2166 emas,
1068 2109 1134 2153 uon
1156 2089 1202 2154 la·

240 2177 330 2242 xiore
347 2176 477 2243 habites
496 2177 602 2260 domo,
625 2177 778 2243 adversus
796 2176 964 2243 fortunam
983 2181 1094 2242 tamen
1112 2179 1202 2242 tutus

241 2287 289 2330 es:
312 2265 374 2330 tibi
392 2266 530 2350 pecunia
547 2266 609 2331 hoo
627 2269 782 2351 praestet,
801 2271 840 2332 ut
858 2267 902 2332 sis
921 2286 1043 2350 pauper
1062 2287 1201 2331 securus.

243 2353 334 2419 adice
356 2354 447 2437 illud,
470 2354 556 2439 quod
579 2358 617 2419 tu
639 2354 679 2419 de
702 2355 906 2440 longioribus
929 2354 1131 2439 temporibus
1151 2375 1203 2419 co-

191 2457 224 2506 25
244 2443 339 2527 gitas.
380 2443 416 2508 in
444 2464 584 2526 summa,
612 2443 781 2526 sicimis,
809 2443 953 2529 aliquam
976 2446 1087 2508 tamen
1109 2445 1203 2528 potes
1329 2453 1330 2478 l

244 2535 391 2616 spectare
410 2531 584 2598 rationem:
604 2552 664 2617 ego
684 2554 741 2598 cur
759 2532 894 2618 litigem,
913 2531 1076 2617 quidest?
1095 2534 1131 2594 ut
1146 2530 1203 2596 ali·

243 2619 321 2704 quid
340 2620 508 2686 auferam?
531 2620 606 2706 quid
626 2621 737 2706 habes,
759 2621 824 2685 nisi
843 2620 1047 2706 depositum?
1065 2640 1127 2705 ego
1142 2641 1204 2704 me,

242 2708 373 2791 iudices,
392 2708 476 2774 hanc
495 2710 667 2793 pecuniam
685 2709 864 2794 perdidisse
879 2711 954 2776 scio.
977 2730 1055 2775 nam
1069 2711 1107 2772 ut
1116 2708 1205 2773 dam-

241 2797 335 2877 netis,
359 2818 423 2880 quo
444 2797 619 2881 manu<m>
643 2797 796 2863 mittam?
818 2798 1039 2882 perseverabit
1061 2797 1148 2862 enim
1170 2797 1205 2862 in

315 3010 330 3058 1
350 3004 477 3060 indebita
495 3011 525 3074 0,
545 3025 581 3062 an
600 3005 725 3064 debitam
743 3011 764 3060 B
783 3011 792 3078 ΙΙ
811 3013 827 3062 2
847 3005 899 3062 cal.
918 3006 1009 3078 relegi
1026 3011 1079 3076 Aa,
1099 3007 1205 3062 calum·

243 3075 321 3131 niara
340 3076 429 3146 relegi
447 3078 490 3148 ΒΗ
504 3076 606 3133 *effodi
623 3082 704 3146 ABG,
724 3077 834 3135 defodit
852 3078 894 3134 Gr
911 3081 920 3150 l
939 3085 955 3133 3
975 3077 1142 3135 abscondi
1160 3077 1205 3149 All

245 3146 488 3219 cinomanna
507 3148 679 3218 quaestionis
698 3151 773 3218 auc
793 3150 835 3204 arn
854 3147 947 3203 minua
966 3149 1006 3220 ap
1021 3155 1056 3204 ιι
1074 3147 1148 3204 maa
1166 3149 1206 3204 e-
1326 3121 1327 3180 Ψ

246 3218 310 3299 cisti
327 3222 375 3271 Δῦ
389 3221 398 3290 ΙΙ
413 3225 447 3274 lt
465 3219 547 3274 istius
565 3224 650 3288 ABG,
670 3237 742 3302 corr.
762 3220 831 3287 Sedu
848 3218 957 3343 istp'pub
974 3222 1034 3276 Aer
1046 3221 1056 3292 ΙΙ
1071 3226 1113 3303 16·
1122 3236 1206 3303 pecu·

242 3304 306 3344 naas
325 3289 411 3345 force
425 3292 434 3362 {l
449 3296 483 3347 20
493 3291 598 3363 adfert]
618 3291 699 3346 addit
716 3292 809 3360 31124
827 3306 882 3359 quo
920 3292 1074 3362 ωη.31126
1093 3290 1206 3362 htrgam

243 3363 284 3412 Aa
306 3361 315 3430 l
338 3365 371 3415 29
391 3378 456 3430 quo
474 3366 498 3415 Δ
520 3363 529 3432 ll
550 3362 749 3418 manumittam
767 3365 850 3430 Anu,
870 3377 939 3418 cerr.
958 3363 1029 3430 Aer;
1050 3378 1149 3420 manua
1168 3381 1204 3418 m.
1316 3390 1320 3403 ·

245 3430 284 3485 Pi
296 3432 306 3501 l
319 3431 511 3500 perseveravit
527 3437 599 3485 ABG
