2668 3968
361 169 679 228 DEOLAMATIONES.
712 170 864 230 ocum.
1028 173 1092 238 143

127 334 272 420 fugerat,
296 333 417 418 inquit,
439 333 580 418 raptor.“
625 335 706 417 seio,
733 335 811 419 quid
833 335 1025 402 facillimum
1049 337 1093 402 eit

128 421 248 488 disere:
281 428 471 508 persecutus
499 443 599 508 esses;
627 423 830 508 inquisissee;
860 424 888 490 si
914 446 1009 491 verus
1038 425 1092 491 hie

129 511 230 592 dolor,
253 512 282 574 si
304 533 382 576 vere
404 511 587 597 indignatio
612 516 691 594 eret,
713 533 779 577 non
803 513 976 580 emisisses.
1025 535 1092 580 non

128 600 192 666 hoe
215 599 266 664 illi
284 600 421 683 profuit,
444 600 530 685 quod
552 599 713 686 profugit:
738 600 794 666 sed
816 601 911 683 illud,
934 602 1020 687 quod
1043 623 1091 668 re-

127 689 196 754 dire
233 688 421 772 permisisti.
472 689 612 755 fortusse
649 689 735 754 enim
773 694 945 756 contentus
981 691 1125 758 fuerass

127 777 188 843 beo
215 777 290 863 ipse
316 798 423 863 poene
450 778 554 857 exilii,
587 778 667 843 setis
694 776 893 846 vindicatum
925 784 959 845 te
990 779 1091 846 oredi-

127 864 230 932 deres.
276 863 326 931 Ne
349 865 430 931 illud
458 866 587 952 quidem
614 866 804 953 verendum,
833 890 874 933 ne
903 869 1090 955 raptoribus

128 954 313 1040 exemplum
330 955 538 1042 profugiendi
556 956 795 1042 permittamus,
814 957 842 1022 si
856 959 965 1042 opteri
980 957 1090 1024 edver-

4 1099 6 1114 ,
126 1065 181 1109 sus
205 1064 260 1109 eos
286 1044 426 1128 emplius
449 1066 516 1110 non
539 1045 691 1130 potuerit.
729 1046 809 1112 setis
828 1047 916 1113 enim
934 1068 1090 1133 magnum

126 1132 322 1218 supplicium
340 1133 404 1199 hoe
421 1137 523 1201 estet
541 1139 674 1200 certum.
708 1157 785 1201 nem
803 1136 842 1219 is,
865 1137 920 1221 qui
939 1157 1088 1220 permon-
1110 1150 1144 1201 ιο

126 1221 219 1302 serit,
253 1243 383 1306 sperare
412 1226 446 1287 et
471 1223 604 1310 nuptias
634 1224 770 1308 poterit,
798 1224 926 1290 etiemsi
950 1229 1089 1292 mortem

125 1310 269 1376 timebit:
292 1312 321 1376 ei
345 1331 434 1395 vero,
458 1312 514 1396 qui
537 1312 727 1398 profugerit,
751 1313 884 1379 exilium
907 1313 976 1378 eine
997 1312 1089 1378 dubi·

125 1400 252 1464 tatione
275 1400 339 1465 erit
361 1401 558 1483 potiendum.

127 1531 135 1542 ·
191 1487 282 1553 Haeo
300 1487 423 1556 diceret
441 1490 520 1573 ipse,
543 1511 625 1574 quse
643 1510 730 1556 nune
748 1510 810 1575 ego
829 1490 912 1572 dioo,
935 1490 1088 1575 quonism

126 1577 184 1642 ille
207 1598 276 1641 non
298 1576 376 1642 dioit
399 1581 433 1644 et
454 1578 585 1644 obstere
607 1579 692 1644 nibil
711 1577 786 1660 [hoe
804 1579 893 1662 loeo]
909 1583 1006 1664 putet
1028 1579 1088 1644 ius.
1109 1593 1142 1644 15

126 1664 221 1750 <Eoo
240 1665 335 1750 loeo>
351 1667 379 1732 si
392 1688 459 1733 non
472 1688 602 1751 possem
617 1667 751 1733 reddere
764 1669 936 1749 rationem,
958 1667 1089 1752 iudieee,

125 1757 284 1840 quantum
298 1776 372 1820 mee
384 1755 558 1822 interesset
570 1756 604 1822 id
618 1757 704 1842 quod
722 1757 860 1842 vindico,
882 1756 962 1823 illud
980 1760 1090 1822 tamen

124 1843 367 1930 responderem:
389 1867 450 1931 pro
473 1844 543 1910 iure
565 1845 656 1931 loqui
674 1845 796 1911 nemini
813 1867 878 1912 non
897 1847 982 1912 lieet.
1014 1867 1088 1912 oon·

125 1934 237 1999 veniet
250 1933 337 1998 inter
354 1954 412 1999 vos
431 1933 570 2000 fortasse
590 1929 667 2019 (hoo
686 1939 744 2019 est,
759 1935 845 2020 quod
859 1955 910 2000 me
925 1935 1089 2001 sollicitis-

126 2022 243 2088 simum
266 2021 374 2109 feeitl:
407 2023 522 2110 loquer
548 2028 657 2088 temen
685 2045 745 2107 pro
772 2024 858 2110 lege,
890 2025 1006 2109 loquer
1027 2045 1087 2108 pro
1107 2039 1141 2090 no

126 2112 298 2196 nequitate.
345 2110 445 2196 quid?
474 2111 503 2176 si
525 2132 602 2177 vero
624 2112 687 2178 hoe
710 2110 762 2196 (ut
782 2113 882 2197 poulo
906 2117 982 2179 ente
1006 2110 1087 2197 dixi)

126 2199 294 2284 aliquanto
312 2201 419 2287 magis
438 2200 480 2266 ed
493 2223 555 2283 me,
573 2222 670 2286 quum
689 2200 730 2266 ed
743 2196 909 2286 ruptorem
922 2199 1087 2285 pertinet?
1182 2255 1184 2260 .

124 2288 293 2371 periclitor
340 2289 426 2355 enim
474 2290 612 2375 nuptiis,
656 2289 824 2375 periclitor
869 2289 1087 2374 matrimonio,

123 2396 192 2441 non
219 2399 284 2442 une
310 2380 405 2444 noete
435 2379 582 2463 eoguito,
609 2399 669 2444 neo
698 2384 833 2464 propter
856 2400 999 2445 errorem
1021 2379 1086 2444 for·

122 2467 213 2531 tesso
243 2486 305 2532 nee
330 2469 464 2552 propter
491 2467 658 2552 iniurium,
687 2465 743 2532 sed
767 2466 906 2552 delecto,
934 2466 991 2533 sed
1013 2489 1087 2550 pro-
1105 2481 1139 2532 2⁶

123 2552 211 2637 beto,
236 2555 292 2621 sed
314 2555 489 2640 inpetrato.

191 2643 347 2727 Temptet
369 2666 421 2709 me
445 2644 600 2710 adversus
623 2644 704 2710 hoec
727 2664 819 2710 soeer
832 2664 889 2728 spe
907 2644 1031 2726 fellere,
1054 2648 1088 2709 et

122 2753 190 2798 non
219 2732 329 2816 pulum
358 2733 516 2816 ostendit,
547 2731 625 2817 quid
655 2733 699 2798 eit
726 2735 882 2819 optatura
904 2734 968 2799 iste
995 2732 1086 2798 blen-

124 2821 212 2886 ditur
239 2825 349 2888 temen
378 2821 517 2887 rationi:
550 2821 703 2906 libenter,
735 2821 871 2908 iudices,
903 2822 1011 2904 oredo,
1038 2843 1086 2886 re·
1107 2865 1126 2900 0

194 2965 210 3014 2
230 2963 303 3016 esset
320 2958 484 3030 inquisisset
502 2965 526 3014 et
545 2966 561 3015 3
581 2959 721 3016 omisisset
734 2964 790 3032 n,
809 2977 878 3018 corr.
897 2961 954 3017 Aer
967 2963 1006 3030 116
1025 2961 1085 3016 ius-

122 3030 160 3084 ris
178 3034 238 3099 ΔΙ,
257 3048 327 3088 corr.
346 3031 391 3087 Ro
412 3033 423 3101 l
446 3036 479 3085 1⁶
500 3031 566 3103 [hoe
584 3031 616 3102 l.]
636 3031 681 3086 Ro
703 3034 713 3102 ss
735 3035 851 3102 putetur
870 3032 894 3087 ei
911 3050 939 3088 u.
957 3037 998 3086 Ae
1020 3033 1030 3101 11
1051 3038 1085 3087 le

122 3101 197 3173 <boo
216 3099 256 3176 1.)
274 3101 319 3157 Ro
332 3106 343 3173 ΙΙ
357 3109 389 3158 19
409 3119 454 3158 me
473 3119 523 3158 om.
543 3107 566 3154 Δ
580 3104 590 3185 Ι]
603 3107 637 3157 2⁶
657 3101 762 3158 delicto
780 3105 871 3173 31126
890 3103 1029 3173 imperato
1048 3103 1085 3172 ll

123 3177 157 3228 28
175 3176 324 3242 optaturus
342 3177 401 3241 n,
421 3189 490 3230 corr.
500 3173 545 3229 Ro
558 3174 568 3243 l
581 3173 623 3227 rte
638 3171 785 3228 blanditur
798 3176 894 3229 temen
908 3173 1015 3228 notioni
1028 3178 1085 3241 n,

122 3241 164 3299 ite
180 3245 277 3300 temen
294 3243 438 3300 blanditur
456 3244 562 3301 artioni
580 3246 615 3312 r,
644 3259 713 3299 corr.
732 3243 777 3298 Ro
799 3248 810 3314 fl
832 3249 865 3298 29
884 3243 1020 3298 iudicium
1039 3243 1086 3316 All

123 3319 228 3371 28-29
248 3315 290 3371 ite
311 3315 350 3370 bl.
374 3318 486 3384 tumen,
512 3331 546 3371 eo
568 3317 591 3370 ei
614 3331 671 3371 non
693 3313 839 3370 inhibente
867 3329 913 3369 me
939 3312 1084 3383 indicium,

123 3386 218 3454 oredo,
244 3403 311 3442 rem.
338 3388 414 3442 esset
437 3393 484 3442 ete.
513 3387 581 3456 Otr,
610 3388 641 3441 ot
659 3385 803 3441 blanditur
820 3389 915 3442 temen
934 3383 1084 3442 effectioni.

121 3456 250 3526 libenter,
268 3457 384 3527 iudices,
403 3458 498 3514 eredo:
517 3475 584 3515 rem.
604 3461 648 3514 est
666 3456 719 3515 Set
