2670 3962
242 109 308 173 204
601 105 828 174 ourxmmlm

243 275 301 337 est.
345 293 412 337 non
434 269 666 337 conscientiam
689 272 836 334 nostram
858 271 1012 352 temptat,
1036 267 1093 332 sed
1115 291 1209 335 vere-

242 359 407 443 cundiam,
437 362 474 424 nt
503 358 579 424 huic
606 357 757 440 expediat
784 357 924 422 mentiri.
971 355 1080 422 audite
1104 357 1210 443 igitur
1314 415 1315 426 ,

242 453 411 532 tamquam
444 447 500 512 alii
533 447 663 512 indices.
707 445 778 510 Iam
810 445 949 529 primum
977 446 1123 510 omnium
1152 469 1209 532 ap

243 541 349 621 paret,
378 537 503 602 nullam
531 545 601 602 ess'e
630 535 772 620 generis,
799 533 885 618 quod
908 533 1061 619 adfectat,
1088 536 1211 618 proba·
1314 535 1315 538 ’

209 641 225 691 5
243 627 381 692 tionem:
401 624 523 709 alioqui
540 623 685 706 praemio
704 645 786 706 opus
803 644 870 687 non
889 627 982 688 esset.
1012 645 1079 688 non
1097 625 1209 704 †anus

157 737 160 744 ¹
244 715 326 798 ulla,
363 715 467 799 n0n†
498 713 602 778 index.
657 711 734 776 hinc
770 714 821 776 est
851 711 932 776 illud
967 712 1106 796 anubat,
1142 713 1210 778 nisi

244 806 349 867 mater
377 805 454 867 estc
497 823 561 866 una
588 801 772 868 calumniae¹
798 799 891 886 origo
915 803 977 883 est,
1005 799 1091 885 quod
1118 801 1206 868 hanc

245 891 434 974 exposuisse
461 893 599 955 constat.
644 910 755 954 rarum
782 888 883 973 igitur
911 891 974 972 est,
1000 892 1038 954 ut
1066 890 1210 975 expositi

245 979 363 1042 vivant.
410 977 565 1042 caducum
594 978 679 1043 circa
708 977 805 1042 initia
832 977 955 1042 animal
981 977 1129 1046 homines
1158 1001 1211 1044 su·

194 1083 227 1131 10
246 1087 327 1131 mus.
366 1088 442 1130 nam
464 1065 608 1133 ferarum
629 1065 850 1150 pecudumque
872 1063 993 1130 fetibus
1017 1070 1068 1132 est
1094 1068 1210 1132 statim

246 1155 411 1238 ingressus
449 1159 483 1219 et
518 1154 558 1219 ad
594 1155 696 1219 ubera
726 1153 881 1238 impetus:
917 1154 1013 1220 nobis
1045 1155 1210 1221 tollendus

245 1243 353 1308 infans
381 1247 413 1307 et
441 1243 596 1308 adversus
623 1243 748 1326 frigora
773 1242 976 1326 muniendum
1007 1243 1054 1308 sic
1082 1266 1211 1330 quoque

246 1331 332 1396 inter
368 1336 540 1414 parentum
572 1354 687 1397 manus
720 1332 940 1416 gremiumque
971 1332 1107 1397 nutricis
1140 1355 1211 1398 sae-

246 1421 320 1504 pius
344 1421 475 1486 labitur.
516 1420 601 1488 unde
623 1421 719 1485 nobis
743 1423 871 1486 tantam
892 1419 1091 1500 felicitatem,
1113 1424 1151 1486 ut
1170 1421 1213 1487 ad

195 1523 228 1573 15
247 1509 407 1574 infantem
439 1531 537 1594 mors
560 1508 716 1574 arcessita
745 1530 813 1574 non
845 1507 976 1574 veniat?
1013 1531 1072 1575 vos
1099 1511 1212 1594 ponite

248 1601 325 1662 ante
353 1598 463 1662 oculos
497 1619 633 1680 puerum
667 1598 780 1662 statim
811 1598 1009 1682 neglectum,
1042 1598 1094 1663 cui
1125 1599 1212 1664 mori

248 1685 336 1748 domi
359 1685 536 1768 expediret:
564 1685 712 1770 oide<te>
734 1685 859 1750 nudum
882 1707 1007 1770 corpus,
1030 1686 1091 1750 sub
1111 1688 1212 1771 caelo,

248 1772 334 1838 iuter
357 1773 443 1838 feras
467 1778 500 1838 et
523 1775 680 1840 volucres.
724 1775 818 1839 video
841 1774 979 1858 moveri,
1005 1775 1137 1859 mulier,
1164 1776 1212 1864 la-

250 1861 369 1927 crimas
396 1861 480 1927 tuas.
523 1884 619 1928 nemo
651 1863 714 1928 tibi
754 1863 943 1928 mortalium
976 1866 1087 1946 posset
1119 1863 1213 1948 igno·

197 1965 231 2014 2ο
251 1971 339 2014 scere
346 2000 356 2033 ,
378 1951 444 2015 nisi
466 1951 555 2016 iussa
577 1952 720 2017 fecisses.
766 1951 833 2016 alia
854 1955 964 2016 tamen
988 1950 1136 2018 condicio
1161 1956 1213 2018 est

250 2059 372 2122 eorum,
395 2039 511 2124 quibus
536 2040 668 2105 obvium
687 2044 815 2123 patrem
833 2039 960 2123 quaerit
979 2041 1212 2123 exponentium

249 2131 435 2211 paupertas.
481 2129 537 2193 ille
569 2129 764 2213 relinquitur
795 2129 867 2195 loco
900 2128 1033 2212 celebri,
1063 2129 1147 2195 hunc
1180 2134 1215 2194 et

204 2269 209 2278 .
250 2216 333 2280 libet
349 2217 510 2282 custodire
537 2219 635 2301 longe
662 2221 696 2281 et
718 2220 885 2300 aspectare
909 2216 1082 2282 fortunam.
1115 2218 1213 2284 aliter

251 2304 435 2389 abdicatur,
464 2328 560 2391 quem
587 2306 684 2370 iussit
712 2305 842 2388 exponi,
870 2305 927 2389 qui
949 2306 1132 2389 relinquere
1155 2328 1212 2390 po·

198 2407 233 2457 25
252 2396 338 2458 terat
351 2393 512 2459 heredem.
537 2395 580 2460 sis
595 2417 693 2478 porro
708 2394 870 2478 sublatus3
890 2393 956 2477 ille,
973 2395 1028 2478 qui
1040 2397 1074 2460 te
1088 2394 1213 2479 educat,

252 2480 379 2565 sci<a>t
396 2483 557 2567 parentes.
588 2483 709 2566 perisse
728 2486 855 2566 patrem
874 2482 977 2548 audit:
1001 2504 1058 2548 cur
1071 2483 1133 2548 tibi
1146 2505 1214 2549 non

251 2572 335 2654 petit
358 2572 613 2654 patrimonium?
643 2594 701 2636 cur
721 2570 810 2635 istud
833 2574 884 2635 tot
907 2593 1009 2636 annos
1031 2571 1140 2636 tacet?
1170 2593 1213 2636 an

195 2673 198 2684 '
255 2663 417 2744 expectat,
440 2660 541 2724 donec
563 2661 702 2742 probare
725 2680 793 2724 non
814 2659 940 2742 possit?
971 2680 1041 2744 age,
1064 2659 1142 2745 quid
1164 2659 1212 2724 fu-

324 2819 340 2867 2
359 2813 426 2867 huic
444 2830 494 2870 om.
510 2815 584 2884 11113
603 2816 720 2881 fortusse
739 2813 840 2888 *<illi>
858 2814 917 2881 alii,
935 2817 971 2882 cs.
986 2821 1049 2884 199,
1064 2819 1107 2870 14.
1122 2819 1159 2872 30
1171 2818 1212 2884 116

252 2899 309 2938 non
322 2884 422 2938 anulus
436 2885 518 2953 ullus,
533 2901 590 2939 non
603 2885 687 2940 index
696 2886 755 2954 Ro;
767 2888 832 2953 fort.
848 2885 925 2940 *non
934 2903 1004 2942 anus
1013 2905 1040 2942 u.
1051 2905 1076 2942 n.
1087 2885 1213 2959 (senex)

252 2953 308 3008 ind.
323 2956 333 3024 ΙΙ
346 2954 392 3008 hic
414 2957 488 3026 apt
513 2955 653 3010 calumnia
675 2957 771 3026 eorigo
789 2960 842 3024 Aa,
868 2957 1009 3028 calumnia
1027 2957 1106 3027 origo
1123 2960 1190 3010 Aba
1205 2958 1213 3028 lt
1314 3007 1315 3024 ,

252 3030 268 3080 8
286 3025 374 3108 igitur
392 3028 529 3095 improbat
546 3026 600 3094 Ro,
618 3029 665 3082 aed
683 3030 717 3095 cs.
737 3031 801 3093 224,
817 3031 876 3097 1811
893 3045 969 3083 raro
989 3028 1134 3084 evadere
1153 3044 1212 3083 eos

252 3114 310 3162 qur
329 3099 548 3167 exponuntur
562 3100 607 3168 ΔΗ
623 3104 655 3152 11
675 3099 710 3154 ab
729 3099 766 3152 ad
784 3103 829 3163 Ba,
849 3101 885 3153 ab
899 3105 919 3150 P
932 3100 943 3167 ΙΙ
955 3099 1063 3154 hubera
1076 3102 1107 3164 Δ,
1125 3099 1212 3154 ubere

251 3171 272 3218 B
285 3168 295 3236 ΙΙ
310 3173 343 3220 12
362 3168 490 3224 nutridus
509 3172 558 3239 Aa,
576 3171 741 3224 nutriendus
759 3172 836 3237 m,
855 3186 923 3225 corr.
938 3171 996 3224 Aer
1008 3171 1018 3238 ΙΙ
1032 3169 1055 3224 si
1068 3174 1090 3221 B
1104 3171 1113 3240 ΙΙ
1129 3175 1161 3222 15
1176 3169 1213 3223 ab

251 3242 274 3288 Δ
287 3240 297 3306 ΙΙ
315 3255 433 3294 accere
451 3243 474 3292 Δ
492 3242 502 3310 ΙΙ
521 3247 554 3294 12
572 3240 638 3295 inde
656 3245 718 3306 ΔΒ,
742 3257 810 3294 corr.
830 3239 874 3294 Ro
892 3241 902 3307 ΙΙ
921 3246 954 3294 22
973 3242 1041 3294 tuno
1059 3244 1121 3309 ΔΒ,
1143 3257 1213 3295 corr.

218 3321 220 3330 ’
251 3307 366 3378 1101123
386 3312 514 3379 spectare
533 3315 595 3378 AB,
614 3328 682 3366 corr.
702 3311 747 3366 Ro
760 3313 770 3379 [1
783 3313 828 3363 alr
845 3315 867 3362 B
880 3313 890 3379 l
904 3315 939 3364 24
957 3310 1083 3378 quemvis
1101 3311 1164 3380 dall
1179 3316 1213 3366 211

251 3385 394 3449 postremo
413 3383 503 3450 21126
523 3379 635 3453 sci<a>t
653 3381 697 3436 Ro
