2668 3968
238 154 279 222 78
600 152 830 222 QUINTILIANI

235 320 339 385 ieram
356 323 483 403 partem
502 317 699 404 ignominiae
714 316 896 402 conficiunt,
913 315 947 382 id
966 314 1132 402 quodiam
1146 337 1200 380 me

236 408 417 494 premebat,
438 407 641 472 remiserant.

507 648 510 653 .
623 581 808 652 aalma.

498 687 613 757 Fraus
638 689 729 770 legis
752 687 939 755 Voconiae.

200 795 290 863 sun
318 813 445 862 merear
467 813 615 861 munimur
637 813 707 861 u1s1
730 812 900 860 mmmmm
923 811 1066 858 esurum
1089 810 1200 860 Bouo-

324 903 397 950 aum
431 901 536 950 ulau.
586 883 724 961 Quidam
756 883 836 948 duas
869 883 1020 948 mulieres
1052 882 1198 948 dimidiis

324 974 473 1058 partibus
491 973 633 1038 instituit
649 972 792 1038 heredes.
818 975 1050 1038 testamentum
1063 971 1198 1056 cognati

326 1066 476 1147 arguunt.
1188 1089 1192 1095 ·

551 1129 887 1215 ouoununr'ro

184 1275 216 1324 10
303 1255 489 1341 Antequam
511 1256 562 1320 ius
585 1257 713 1322 excutio
733 1261 766 1322 et
783 1256 851 1320 vim
870 1255 961 1340 legis,
984 1275 1067 1339 quae
1084 1275 1145 1338 per
1162 1275 1197 1319 se

236 1345 316 1411 satis
335 1345 588 1429 manifestasset,
610 1345 747 1429 intueor,
768 1345 912 1429 primum
933 1343 1014 1408 illud
1033 1341 1119 1426 apud
1137 1363 1196 1408 vas

235 1433 354 1500 dixisse
374 1437 545 1500 contentus
565 1456 649 1500 sum:
674 1433 788 1499 adsum
806 1435 1012 1498 testamento.
1047 1435 1198 1496 eventum

235 1522 311 1588 huia
342 1524 408 1608 legi
440 1523 532 1587 dabit
563 1523 679 1606 religio
712 1527 833 1606 vestra,
872 1525 906 1586 et
938 1541 1073 1586 excussa
1104 1524 1198 1604 parte
1320 1557 1321 1560 ¹

173 1664 175 1668 .
235 1616 373 1697 utraque
405 1611 602 1676 sententiam
630 1610 871 1694 formabit<is>.
916 1608 1059 1674 Interest
1087 1613 1198 1674 tamen

184 1715 216 1765 15
236 1720 404 1784 supremae
426 1699 568 1764 hominis
591 1699 752 1765 voluntati
775 1700 881 1785 legem
904 1698 1030 1782 favere,
1053 1701 1092 1762 ut
1111 1697 1215 1782 quod-

235 1788 275 1852 de
298 1788 393 1853 bouis
417 1788 483 1852 suis
507 1789 679 1853 constituit
700 1789 735 1852 in
754 1787 913 1871 supremis
933 1785 1092 1871 dominus,
1115 1786 1197 1852 leue·

235 1877 280 1941 rit
301 1877 379 1941 iure.
424 1873 493 1941 Nee
516 1898 569 1942 me
592 1876 776 1960 confundit,
799 1875 885 1960 quod
910 1895 948 1940 ex
971 1875 1099 1940 diverso
1122 1878 1198 1940 sunt

235 1965 419 2050 propinqui.
463 1966 599 2049 iactent,
626 1969 664 2030 ut
690 1964 816 2048 volent,
844 1964 1012 2050 sanguinis
1045 1963 1196 2030 coniunc-

234 2053 372 2119 tionem:
390 2073 452 2138 ego
467 2054 622 2139 intellego
642 2053 797 2137 quasdam
812 2053 913 2118 fuisse
927 2074 1051 2136 causas,
1064 2056 1198 2136 propter

182 2158 217 2207 ao
236 2163 316 2227 quas
340 2143 379 2226 is,
402 2142 457 2226 qui
479 2142 540 2207 hos
564 2145 721 2227 eognatoe
744 2142 896 2221 habebat,
920 2141 994 2206 aliis
1015 2145 1196 2206 moreretur

235 2230 416 2297 heredibus.
446 2252 499 2295 ao
527 2231 555 2295 si
581 2231 616 2294 in
642 2229 704 2295 hae
731 2235 825 2314 parte
853 2230 1012 2295 haberent
1034 2228 1196 2313 fiduciam,

236 2323 407 2405 arguerent
442 2322 677 2385 testamentum
712 2323 880 2404 tamquam
919 2319 1076 2403 impium,
1113 2321 1196 2382 tam·
1320 2351 1321 2400 l

236 2430 334 2493 quam
362 2408 591 2473 inofficiosum.
636 2429 723 2473 nuno
751 2412 900 2492 apparet,
932 2427 1035 2490 neque
1063 2406 1102 2471 de
1125 2425 1196 2490 per·
1320 2401 1321 2434 l

236 2497 323 2562 sonis
356 2519 480 2580 aarum,
516 2517 598 2581 quae
631 2495 764 2561 heredes
797 2501 874 2562 suut
907 2496 1092 2579 institutae,
1131 2493 1197 2559 diei
1320 2547 1321 2550 η

182 2600 216 2650 25
230 2585 321 2670 apud
339 2607 397 2650 vos
415 2606 522 2670 posse,
543 2606 647 2670 neque
666 2605 787 2668 eorum,
810 2585 865 2670 qui
889 2584 952 2649 sibi
968 2586 1083 2649 eontra
1095 2586 1195 2648 tasta-

235 2678 380 2738 mentum
403 2673 577 2757 vindicant,
600 2674 716 2738 merita
733 2673 882 2758 proferri.
905 2671 1018 2738 Solum
1037 2671 1124 2736 enim
1144 2671 1195 2736 ius

235 2762 400 2846 excipiunt
433 2767 466 2826 et
494 2762 580 2826 oirea
607 2761 712 2846 legem
738 2761 986 2827 calumniantur.
1036 2781 1117 2844 quae
1144 2759 1196 2828 lex

233 2855 344 2915 tamen
363 2849 467 2932 qualis
491 2849 564 2914 est?
591 2871 637 2914 ue
660 2849 781 2915 liasat
802 2850 957 2915 mulieri
975 2850 1063 2933 plus
1083 2870 1195 2934 quam

234 2937 432 3003 dimidiam
469 2942 620 3022 partem
657 2938 844 3004 bonorum
882 2959 1038 3004 snorum
1074 2937 1195 3002 relin-

181 3044 215 3092 30
235 3047 357 3111 quere.
403 3026 534 3092 etiamsi
560 3026 668 3093 forma
681 3051 683 3056 ·
696 3027 807 3092 iudioii
834 3028 929 3092 unius
962 3030 1026 3110 est,
1059 3029 1196 3111 apparet

306 3154 340 3203 14
362 3147 531 3204 sententiam
556 3147 691 3204 formavit
713 3152 748 3216 Δ,
782 3147 923 3203 sententia
943 3146 1143 3202 formidabitur
1164 3149 1194 3215 B,

236 3234 303 3274 corr.
323 3219 383 3288 Ro,
402 3219 542 3276 sententia
560 3218 728 3274 formabitur
746 3219 813 3274 Rara
835 3221 845 3288 ll
869 3224 901 3272 15
919 3218 1025 3288 legas
1056 3219 1066 3286 ll
1099 3217 1195 3272 fovere

232 3291 365 3358 lull?
385 3290 446 3346 iure
464 3305 514 3346 aaa
532 3292 626 3360 llao
644 3291 688 3344 hie
705 3289 814 3360 Aliqui
833 3289 886 3343 llos
903 3293 992 3344 omn
1016 3289 1194 3358 flmsraratur

111 3369 116 3378 ’
232 3363 277 3430 nl!
291 3365 328 3416 22
344 3365 504 3432 arguerunt,
523 3377 592 3416 corr.
613 3361 653 3415 Pi
666 3364 675 3431 ΙΙ
688 3367 724 3416 24
742 3360 790 3414 din
808 3363 849 3412 Aa
871 3362 881 3429 l
907 3360 963 3416 diei
981 3361 1101 3430 possunt
1118 3359 1194 3428 apud

233 3432 518 3502 vosipsenaqualll
533 3437 566 3487 28
580 3449 632 3487 neo
647 3432 704 3485 lu
