2692 3960
240 147 307 213 262
606 145 837 214 cumensem

240 316 277 378 et
295 312 354 376 illo
376 314 524 396 umpore
547 309 732 377 constiterit
753 309 940 375 innocentis
962 311 996 374 et
1013 308 1048 372 id
1064 311 1207 392 tempus,

240 400 327 486 quod
349 401 385 465 in
407 401 538 486 culpem
560 399 745 484 deducitur,
769 419 836 464 non
859 398 966 464 solum
989 398 1060 463 sine
1083 396 1205 462 discor·

240 489 431 574 diremerit,
453 507 566 555 verum
589 489 689 554 etiem
711 487 816 554 msior
837 491 935 572 etque
958 487 1061 552 srtios
1084 485 1205 551 carita

239 577 444 663 postillam,
471 579 510 644 de
537 599 602 662 que
628 579 756 644 locutus
785 597 870 660 sum,
896 575 1133 660 peonitentiam
1155 576 1206 639 in·
1325 578 1326 600 ¹

205 668 385 734 ccreserit

307 756 497 822 Proximum
525 760 578 820 est
599 752 652 842 (ut
673 751 806 840 opinor)
828 756 977 820 excutere
1000 773 1124 818 esoces
1170 757 1204 818 et

242 845 329 930 qnod
357 844 399 910 sd
424 865 477 909 me
504 844 634 929 quidem
660 844 815 928 pertinet,
842 842 957 908 videor
983 841 1023 907 de
1044 842 1100 907 his
1123 841 1205 906 setis

240 934 379 999 locutus.
411 943 507 997 'nem
539 933 568 998 si
599 931 791 998 inimicitiae
823 951 862 998 eo
889 935 1037 1016 tempore
1062 951 1130 996 non
1155 929 1206 996 iu·

241 1025 349 1104 erunt,
387 1041 452 1105 quo
486 1021 589 1086 iretur
621 1041 713 1086 meus
748 1020 875 1104 occepit
907 1041 1082 1099 venenum,
1122 1018 1207 1084 mihi

189 1127 222 1176 10
241 1114 328 1182 certe
359 1109 422 1175 hcc
453 1109 595 1175 lwiendi
622 1110 709 1176 rstio
735 1129 804 1175 non
829 1109 908 1174 fuit:
941 1109 1011 1194 qui,
1042 1109 1071 1174 si
1100 1127 1206 1173 essem

240 1198 347 1264 melus
373 1198 490 1282 incur,
517 1198 566 1263 uti
593 1203 705 1264 temen
730 1198 891 1264 bonitatis
920 1197 1129 1263 simulatione
1150 1196 1204 1262 de·

240 1287 360 1353 behem
381 1303 485 1372 usque
508 1287 548 1353 sd
565 1288 782 1354 mutationem
798 1287 999 1354 testememi.
1032 1307 1109 1352 nem
1127 1285 1205 1372 quid
1327 1276 1328 1300 ¹

241 1375 408 1460 obstsbet,
444 1397 508 1461 quo
540 1377 647 1442 minue
678 1397 747 1444 non
776 1377 936 1442 ultionem
967 1378 1111 1459 tentum,
1148 1375 1206 1440 sed

240 1465 340 1532 etiam
362 1466 489 1530 lucrum
511 1465 747 1551 consequerer?
793 1463 829 1530 Si
851 1484 913 1550 ego
941 1483 1009 1530 non
1029 1463 1131 1529 hebui
1153 1485 1205 1529 re·

189 1569 222 1619 1c
241 1555 366 1620 tionem
384 1553 483 1619 ciendi
504 1555 620 1621 veneni
642 1554 747 1639 iretri,
769 1554 884 1622 videbo
908 1575 949 1619 nn
971 1553 1026 1618 hio
1043 1552 1204 1618 hebuerit.

241 1643 335 1708 heres
359 1647 423 1708 est:
445 1643 508 1708 hoc
530 1665 590 1728 per
609 1665 644 1709 se
660 1648 779 1729 potens
798 1646 856 1709 est
891 1642 1009 1727 omnic,
1032 1659 1204 1728 quoecum-

241 1753 305 1816 que
333 1734 407 1797 tcto
429 1731 508 1797 erbe
530 1737 692 1798 terrerum
714 1732 976 1815 committuntur,
1003 1732 1125 1796 scelere
1147 1729 1206 1796 oir-

241 1820 442 1905 oumspicite,
473 1821 610 1888 iudices:
633 1823 789 1908 pler-eque
812 1819 1052 1905 excupiditate
1068 1837 1207 1885 nuscun-

241 1914 309 1975 tur:
335 1909 417 1975 heco
444 1909 586 1977 latrones
615 1910 710 1991 fecit,
740 1911 822 1976 haec
844 1911 983 1994 pirates,
1014 1909 1096 1975 heec
1117 1908 1207 1973 intre

188 2013 223 2063 ιο
241 2019 353 2064 muros
379 1999 481 2064 etism
503 2003 601 2084 etque
623 2000 712 2065 intre
734 1998 849 2064 domos
870 2002 1001 2065 nostres
1025 2002 1059 2064 et
1081 1998 1207 2082 temple

242 2088 326 2154 sices
354 2108 582 2172 percussorum
610 2088 711 2172 acuit,
742 2087 817 2153 inde
848 2090 931 2153 nete
960 2090 1037 2153 sunt
1065 2103 1189 2152 venene
1329 2089 1330 2126 ³

241 2180 279 2243 ut
305 2177 388 2243 mihi
415 2177 564 2242 videatur
589 2195 699 2242 rerum
724 2179 843 2243 nature
871 2177 1023 2242 omnibus
1046 2176 1082 2240 in
1103 2173 1207 2241 homi·

241 2287 315 2331 nem
339 2266 468 2331 collutis
491 2265 587 2332 bonis
609 2287 711 2331 unum
733 2263 856 2332 indum
879 2264 1082 2352 opposuisse.
1122 2263 1205 2329 tollo

241 2354 429 2438 pecuniems
464 2355 552 2420 belle
589 2354 775 2438 sustuleris,
807 2354 979 2421 sustuleris
1020 2352 1207 2419 seditiones.

188 2457 223 2508 sc
241 2442 327 2509 hene
353 2463 433 2529 crgo
461 2465 593 2511 csueem
615 2443 771 2510 subusti.
810 2447 844 2509 et
870 2442 959 2508 eliud
982 2445 1033 2506 est
1055 2441 1128 2505 eliis
1151 2461 1207 2522 pc-

242 2532 349 2599 cunle
379 2534 407 2598 ei
430 2533 470 2598 de
493 2532 669 2618 cupiditate
692 2533 765 2598 sole
786 2531 983 2617 loquendum
1005 2528 1088 2592 mihi
1111 2526 1208 2613 foret,

242 2621 395 2688 dicerem:
431 2621 647 2687 hereditetem
683 2620 878 2704 concupisti,
914 2617 1013 2682 homo
1045 2616 1208 2700 locuples:

241 2731 327 2776 nunc
357 2710 574 2776 hereditatem
606 2709 799 2793 concupisti,
829 2706 863 2771 id
896 2705 1002 2772 solum
1032 2704 1207 2772 hebiturns

243 2796 331 2881 quod
353 2797 473 2862 scelere
496 2796 703 2880 adquisisses.
732 2795 811 2881 quid
830 2794 939 2860 enim?
962 2794 1028 2860 ism
1046 2798 1081 2861 te
1099 2795 1208 2860 metiri

189 2901 223 2950 eo
242 2884 360 2968 incipis
391 2887 425 2950 et
450 2885 584 2970 longum
610 2883 725 2951 domus
752 2887 886 2952 nostrae
914 2883 1108 2970 potientium
1140 2883 1205 2950 ecl·

314 3074 379 3131 ein
397 3087 447 3132 m.
466 3081 508 3130 As
520 3077 561 3148 13
579 3077 690 3150 verum]
708 3077 813 3132 iterum
826 3083 846 3132 1²
859 3081 870 3148 Ι
882 3076 987 3133 arctior
1002 3082 1025 3131 B
1038 3079 1079 3146 14
1097 3091 1153 3145 quo
1170 3079 1205 3146 Bt

243 3155 260 3204 t
278 3149 400 3220 primum
418 3152 458 3202 As
480 3150 490 3220 l
514 3154 547 3203 13
565 3149 634 3220 non]
653 3149 683 3203 ln
701 3152 722 3201 B
744 3151 755 3220 {l
777 3147 932 3204 eletionem
948 3149 1050 3217 s-sl
1069 3153 1103 3201 14
1121 3146 1207 3201 etiem

242 3235 293 3276 cm.
311 3221 333 3273 Ι
352 3221 363 3290 Ι
382 3227 414 3275 is
433 3220 467 3275 in
490 3218 723 3290 cupiditatem
745 3224 769 3274 Α
791 3222 801 3289 l
824 3225 857 3273 21
877 3220 908 3274 in
924 3221 954 3274 te
972 3223 1014 3271 Δι
1035 3221 1046 3287 l
1067 3223 1102 3273 2³
1121 3233 1208 3272 unum

242 3292 349 3346 metum
367 3293 399 3358 Δ,
418 3303 558 3346 summum
576 3295 683 3346 metum
700 3295 730 3358 ὓ,
749 3305 818 3347 corr.
832 3290 893 3354 Ro;
910 3305 998 3344 mum
1015 3287 1132 3362 (hunc)
1150 3304 1208 3343 me·

242 3364 313 3487 tunp¹
327 3363 384 3416 Aer
406 3364 417 3432 l
439 3367 474 3417 24
494 3359 525 3406 Ν
546 3366 570 3416 Δ
592 3363 602 3431 ΙΙ
624 3367 658 3417 tt
682 3361 816 3432 pecunius
838 3364 859 3413 1
881 3363 892 3430 l
913 3367 947 3416 29
966 3359 1145 3431 concupisces
1163 3360 1208 3431 ll!

243 3447 288 3485 me
305 3431 341 3484 'm
360 3437 400 3485 Δι
