2640 3968
212 121 257 186 40
578 119 805 186 QUINTILIANI

279 283 411 368 Negant
437 284 641 368 rogationem
670 306 740 350 esse
768 285 999 370 recipiendam,
1027 308 1108 371 quae
1132 288 1173 353 ad

213 373 360 456 singulos
383 373 531 438 homines
554 373 728 456 pertineat.
774 373 849 457 Ego
872 396 969 458 porro
992 374 1055 440 hoc
1078 376 1112 441 in
1135 398 1173 442 eo

213 462 295 547 iure,
322 462 408 546 quod
430 465 622 547 perpetuum
645 465 678 526 et
700 462 736 526 in
758 463 866 528 omnia
888 466 1038 548 tempora
1051 465 1174 544 scribi-

213 556 280 634 tur,
313 551 463 617 existimo
495 571 565 616 esse
598 550 801 617 servandum.
850 556 960 636 potest
991 552 1078 617 enim
1109 553 1174 618 dici

141 645 143 650 '
178 657 194 705 o
213 640 308 705 mihi:
329 640 380 705 »in
398 639 554 705 honorem
573 639 715 705 hominis
734 639 829 706 unius
848 641 1010 727 obligabis
1023 647 1176 727 tempora

213 729 336 812 futura,
370 733 403 794 et
436 750 547 794 omnes
578 728 690 793 eadem
722 729 916 818 necessitate
943 731 1175 815 constringes«.

213 819 260 883 nt
286 818 435 902 quotiens
463 817 504 882 ad
531 838 684 901 praesens
711 819 936 884 tantummodo
965 823 1093 903 tempus
1121 841 1174 886 ro-

213 905 304 992 gatio
326 906 438 990 fertur,
455 927 496 971 ne
519 906 597 970 ferri
620 906 760 990 quidem,
782 907 847 972 nisi
870 907 909 972 de
933 907 1079 992 singulis,
1100 913 1172 992 pot·

214 1000 273 1062 eut.
327 995 412 1079 quod
445 996 474 1060 si
507 994 591 1060 hanc
622 995 770 1061 tollimus
804 995 1083 1080 consuetudinem,
1113 1017 1177 1062 nec

162 1085 310 1150 reduces
334 1084 375 1149 ad
398 1085 555 1150 exercitus
585 1085 748 1169 elipemus,
779 1105 839 1150 nec
860 1085 1043 1170 provincius
1066 1085 1175 1150 decer·
1266 1163 1272 1171 „

211 1195 336 1258 nemus,
352 1195 413 1238 nec
431 1173 570 1256 imperia
587 1173 850 1258 prorogabimus:
873 1175 983 1240 omnia
1002 1174 1089 1240 enim
1107 1174 1174 1240 ista

110 1291 116 1306 ·
211 1263 440 1350 rogationibus
481 1261 522 1327 ad
563 1262 709 1350 singulos
750 1263 988 1349 pcrtinentibus
1025 1284 1176 1330 consum-

211 1360 350 1423 mantur.
664 1391 668 1396 -

277 1446 344 1530 „At
367 1445 453 1511 enim
476 1448 590 1512 contra
616 1446 722 1530 legem
745 1446 873 1531 rogatio
896 1445 976 1512 est“
1018 1442 1053 1511 Si
1076 1444 1174 1510 confi·

161 1552 194 1602 15
212 1541 306 1620 terer,
320 1535 460 1600 dicerem
473 1538 585 1600 tamen
599 1535 722 1600 nullom
739 1534 890 1600 ferendae
904 1534 1087 1619 rogationis
1103 1553 1173 1599 esse

213 1646 359 1708 causam,
385 1624 442 1688 ubi
468 1624 521 1689 lex
549 1626 607 1688 est
654 1623 732 1708 quid
759 1624 846 1688 enim
872 1645 1004 1689 necesse
1028 1627 1078 1688 est
1100 1643 1174 1687 con·

212 1713 321 1778 vocari
343 1712 458 1792 tribus,
481 1711 633 1778 contrahi
650 1711 818 1795 populum,
842 1713 870 1777 si
888 1711 974 1777 idem
994 1711 1080 1776 effici
1103 1712 1173 1776 iure

211 1808 321 1868 vetere
339 1805 372 1866 et
390 1802 455 1866 iam
474 1802 554 1866 olim
576 1800 755 1866 constituto
777 1800 910 1884 potest?
946 1799 1048 1886 igitur
1072 1800 1100 1864 si
1123 1821 1175 1864 ro·

213 1891 303 1975 getio
327 1912 536 1976 supervacua,
557 1889 614 1954 ubi
637 1888 689 1953 lex
712 1890 778 1953 tam
797 1893 861 1954 est:
883 1910 949 1954 non
968 1889 1035 1953 fere
1052 1887 1177 1973 poterit

159 1995 193 2046 20
212 1980 299 2063 ferri,
320 1979 384 2044 nisi
408 1984 522 2045 contra
545 1978 680 2043 alienius
703 1977 788 2062 legis
809 1978 1020 2044 voluntatem.
1055 1982 1089 2043 et
1110 1977 1175 2042 hoc

212 2073 322 2133 tamen
336 2069 421 2154 apud
432 2089 513 2152 quos
523 2065 705 2148 dicit<ur>‘?
719 2066 813 2132 video
823 2067 909 2131 enim
919 2066 1175 2152 praescriptione

212 2158 307 2240 m<e>
331 2156 457 2222 excludi
479 2176 575 2240 posse
597 2155 726 2220 iudicio.
769 2160 804 2221 at
826 2157 860 2220 in
883 2156 979 2220 rebus
1001 2155 1112 2240 parvis
1136 2175 1175 2219 ac

212 2246 438 2330 iperioulosis
453 2247 483 2326 t,
514 2243 580 2308 ista
596 2243 692 2308 iudex
710 2243 857 2329 recipiat.
881 2247 1023 2309 ceterum
1043 2242 1174 2328 quidem

213 2335 361 2419 quotiens
390 2333 428 2397 de
451 2332 521 2396 iure
544 2332 659 2416 populi
682 2332 791 2417 agitur
814 2333 900 2416 apud
924 2333 1094 2417 populum,
1121 2331 1181 2396 cui

159 2439 193 2488 25
212 2426 348 2505 mutare,
362 2420 413 2486 cui
428 2420 597 2505 obrogare,
616 2421 668 2485 cui
686 2421 771 2485 ferre
790 2443 870 2506 quus
884 2423 964 2487 velit
977 2421 1077 2504 leges,
1092 2420 1174 2484 ecci·

212 2533 289 2597 perc
313 2531 392 2594 quus
416 2509 498 2573 velit
520 2509 709 2594 rogationes
731 2510 837 2593 liceat,
860 2531 1036 2593 numquam
1060 2529 1095 2573 se
1119 2507 1175 2590 <et

213 2598 418 2666 commodum
438 2599 553 2682 suum>
571 2598 641 2681 ipse
665 2598 838 2664 deminuet.
872 2597 1039 2675 Quomodo
1062 2601 1173 2660 tamen

212 2685 341 2772 rogatio
351 2687 416 2751 ista
426 2691 540 2751 contra
553 2687 658 2772 legem
674 2690 721 2768 [et
730 2692 843 2753 contra
852 2686 1055 2752 commodum
1066 2686 1177 2765 suum]

256 2913 408 2983 oobligeB
422 2917 431 2984 ΙΙ
446 2913 568 2982 titaque
578 2930 623 2983 qu.
633 2918 664 2980 Δ,
675 2913 716 2969 itu
726 2930 772 2983 qu.
782 2918 812 2983 B,
822 2930 891 2969 corr.
899 2914 956 2969 Aer
970 2915 980 2984 ΙΙ
995 2913 1173 2968 reducemus

211 2989 268 3053 AB,
281 3000 348 3040 corr.
360 2983 414 3053 Ro,
433 2983 594 3054 delegemus
604 2985 680 3052 Soti!
697 2991 727 3039 11
746 2993 837 3060 prog
855 2986 949 3052 Afllb
959 3001 1016 3040 non
1026 2988 1084 3053 AB,
1103 2999 1173 3039 corr.

212 3057 265 3111 Set
279 3059 288 3125 ΙΙ
301 3055 344 3110 fer
361 3073 391 3111 re
410 3060 459 3123 Ae,
477 3074 504 3109 n.
520 3056 627 3111 ferent
641 3059 650 3125 u
666 3061 697 3110 19
717 3057 762 3112 lex
776 3057 849 3110 *non
868 3058 911 3110 est
929 3059 986 3125 AB,
1005 3056 1024 3110 l.
1046 3055 1128 3127 [nou]
1148 3071 1171 3109 e.

212 3127 266 3182 Set
279 3130 289 3195 ΙΙ
302 3143 358 3182 non
367 3126 434 3182 ferri
442 3126 548 3196 poterit
556 3127 641 3181 nisiB
655 3129 665 3196 ΙΙ
679 3133 711 3181 21
723 3125 912 3200 dicit<ur>0b
926 3130 936 3196 i
949 3127 1176 3196 praescriptione

211 3197 298 3270 m<e)
318 3197 358 3252 Ob
381 3199 390 3266 ΙΙ
413 3203 447 3251 22
466 3201 498 3252 ut
515 3201 550 3266 B;
568 3199 685 3266 fortasse
702 3196 748 3253 *et
769 3199 779 3266 ΙΙ
802 3204 836 3252 23
855 3213 889 3252 ac
907 3199 1027 3266 privatis
1045 3197 1121 3264 Rau,
1139 3211 1176 3250 cc

210 3267 322 3340 (minus
367 3267 532 3338 periculosis
554 3269 625 3335 Aer,
651 3285 684 3322 ac
707 3267 831 3338 periculo
850 3283 901 3322 suo
922 3267 962 3322 Ob
990 3269 999 3337 ss
1027 3275 1061 3322 24
1079 3266 1177 3336 egitur

211 3355 260 3394 om.
281 3341 321 3408 ΔΙ
341 3345 373 3394 97
395 3341 435 3409 se]
455 3340 490 3395 de
508 3339 618 3412 Ass<et
636 3356 737 3394 comm.
757 3335 859 3412 suum>
877 3337 920 3395 Ro
934 3339 944 3408 ΙΙ
957 3338 1095 3394 diminuet
1112 3342 1133 3389 r
1151 3339 1177 3391 ct

215 3411 270 3466 dd.
285 3412 295 3480 ΙΙ
312 3416 346 3465 28
367 3411 408 3482 [et
427 3429 449 3466 c.
470 3427 569 3466 comm.
590 3411 680 3480 suum]
700 3409 744 3465 Ro
