<?xml version="1.0" encoding="UTF-8"?>
<!DOCTYPE html PUBLIC "-//W3C//DTD XHTML 1.0 Transitional//EN"
    "http://www.w3.org/TR/xhtml1/DTD/xhtml1-transitional.dtd">
<html xmlns="http://www.w3.org/1999/xhtml" xml:lang="en" lang="en">
 <head>
  <title>
</title>
<meta http-equiv="Content-Type" content="text/html;charset=utf-8" />
  <meta name='ocr-system' content='tesseract 3.04.00' />
  <meta name='ocr-capabilities' content='ocr_page ocr_carea ocr_par ocr_line ocrx_word'/>
</head>
<body>
  <div class='ocr_page' id='page_1' title='image "./mfabiiquintilia02rittgoog_0142.png"; bbox 0 0 2668 3968; ppageno 0'>
   <div class='ocr_carea' id='block_1_1' title="bbox 370 164 1089 234">
    <p class='ocr_par' dir='ltr' id='par_1_1' title="bbox 370 164 1089 234">
     <span class='ocr_line' id='line_1_1' title="bbox 370 164 1089 234; baseline 0.018 -15"><span class='ocrx_word' id='word_1_1' title='bbox 370 164 691 221; x_wconf 80' lang='lat' dir='ltr'>DECLAMATIONES.</span> <span class='ocrx_word' id='word_1_2' title='bbox 719 165 846 223; x_wconf 82' lang='lat' dir='ltr'>CCLXX.</span> <span class='ocrx_word' id='word_1_3' title='bbox 1028 167 1089 234; x_wconf 88' lang='lat'><strong>101</strong></span> 
     </span>
    </p>
   </div>
   <div class='ocr_carea' id='block_1_2' title="bbox 127 328 1093 680">
    <p class='ocr_par' dir='ltr' id='par_1_2' title="bbox 127 328 1093 680">
     <span class='ocr_line' id='line_1_2' title="bbox 127 328 1090 414; baseline 0.004 -20"><span class='ocrx_word' id='word_1_4' title='bbox 127 329 193 394; x_wconf 90' lang='lat' dir='ltr'><strong>ista</strong></span> <span class='ocrx_word' id='word_1_5' title='bbox 212 328 418 394; x_wconf 70' lang='lat' dir='ltr'><strong>simulatione</strong></span> <span class='ocrx_word' id='word_1_6' title='bbox 437 328 546 413; x_wconf 88' lang='lat' dir='ltr'><strong>homo,</strong></span> <span class='ocrx_word' id='word_1_7' title='bbox 564 350 660 414; x_wconf 87' lang='lat' dir='ltr'><strong>quem</strong></span> <span class='ocrx_word' id='word_1_8' title='bbox 679 351 737 395; x_wconf 92' lang='lat' dir='ltr'><strong>nec</strong></span> <span class='ocrx_word' id='word_1_9' title='bbox 755 331 920 395; x_wconf 87' lang='lat' dir='ltr'><strong>tormenta</strong></span> <span class='ocrx_word' id='word_1_10' title='bbox 933 331 1090 399; x_wconf 81' lang='lat' dir='ltr'><strong>vicerunt.</strong></span> 
     </span>
     <span class='ocr_line' id='line_1_3' title="bbox 129 415 1091 504; baseline 0.002 -21"><span class='ocrx_word' id='word_1_11' title='bbox 129 418 234 483; x_wconf 89' lang='lat' dir='ltr'><strong>omnis</strong></span> <span class='ocrx_word' id='word_1_12' title='bbox 262 417 329 482; x_wconf 93' lang='lat' dir='ltr'><strong>litis</strong></span> <span class='ocrx_word' id='word_1_13' title='bbox 358 415 492 483; x_wconf 88' lang='lat' dir='ltr'><strong>huiusce</strong></span> <span class='ocrx_word' id='word_1_14' title='bbox 520 439 619 484; x_wconf 88' lang='lat' dir='ltr'><strong>causa</strong></span> <span class='ocrx_word' id='word_1_15' title='bbox 641 417 723 483; x_wconf 88' lang='lat' dir='ltr'><strong>mihi</strong></span> <span class='ocrx_word' id='word_1_16' title='bbox 745 419 780 484; x_wconf 95' lang='lat' dir='ltr'><strong>in</strong></span> <span class='ocrx_word' id='word_1_17' title='bbox 802 418 865 484; x_wconf 88' lang='lat' dir='ltr'><strong>hoe</strong></span> <span class='ocrx_word' id='word_1_18' title='bbox 889 423 952 504; x_wconf 86' lang='lat' dir='ltr'><strong>est,</strong></span> <span class='ocrx_word' id='word_1_19' title='bbox 978 424 1016 485; x_wconf 93' lang='lat' dir='ltr'><strong>nt</strong></span> <span class='ocrx_word' id='word_1_20' title='bbox 1039 419 1091 485; x_wconf 86' lang='lat' dir='ltr'><strong>de·</strong></span> 
     </span>
     <span class='ocr_line' id='line_1_4' title="bbox 127 505 1093 593; baseline 0.004 -23"><span class='ocrx_word' id='word_1_21' title='bbox 127 506 259 571; x_wconf 76' lang='lat' dir='ltr'><strong>sendam</strong></span> <span class='ocrx_word' id='word_1_22' title='bbox 282 505 440 592; x_wconf 90' lang='lat' dir='ltr'><strong>pudorem</strong></span> <span class='ocrx_word' id='word_1_23' title='bbox 463 528 580 573; x_wconf 90' lang='lat' dir='ltr'><strong>meum.</strong></span> <span class='ocrx_word' id='word_1_24' title='bbox 611 505 660 571; x_wconf 89' lang='lat' dir='ltr'><strong>Tu</strong></span> <span class='ocrx_word' id='word_1_25' title='bbox 678 510 790 572; x_wconf 88' lang='lat' dir='ltr'><strong>tamen</strong></span> <span class='ocrx_word' id='word_1_26' title='bbox 808 507 927 587; x_wconf 82' lang='lat' dir='ltr'><strong>inveni,</strong></span> <span class='ocrx_word' id='word_1_27' title='bbox 948 508 1005 572; x_wconf 92' lang='lat' dir='ltr'><strong>ubi</strong></span> <span class='ocrx_word' id='word_1_28' title='bbox 1023 530 1093 593; x_wconf 91' lang='lat' dir='ltr'><strong>per·</strong></span> 
     </span>
     <span class='ocr_line' id='line_1_5' title="bbox 128 594 1091 680; baseline 0.002 -20"><span class='ocrx_word' id='word_1_29' title='bbox 128 595 280 660; x_wconf 86' lang='lat' dir='ltr'><strong>dideriml</strong></span> <span class='ocrx_word' id='word_1_30' title='bbox 302 594 430 660; x_wconf 81' lang='lat' dir='ltr'><strong>nescis?</strong></span> <span class='ocrx_word' id='word_1_31' title='bbox 454 595 585 680; x_wconf 84' lang='lat' dir='ltr'><strong>quaere!</strong></span> <span class='ocrx_word' id='word_1_32' title='bbox 615 594 651 659; x_wconf 92' lang='lat' dir='ltr'><strong>hi</strong></span> <span class='ocrx_word' id='word_1_33' title='bbox 675 596 761 661; x_wconf 82' lang='lat' dir='ltr'><strong>servi</strong></span> <span class='ocrx_word' id='word_1_34' title='bbox 784 618 803 660; x_wconf 84' lang='lat' dir='ltr'><strong>a</strong></span> <span class='ocrx_word' id='word_1_35' title='bbox 827 617 878 662; x_wconf 91' lang='lat' dir='ltr'><strong>me</strong></span> <span class='ocrx_word' id='word_1_36' title='bbox 900 617 968 660; x_wconf 90' lang='lat' dir='ltr'><strong>non</strong></span> <span class='ocrx_word' id='word_1_37' title='bbox 990 618 1091 663; x_wconf 87' lang='lat' dir='ltr'><strong>reces-</strong></span> 
     </span>
    </p>
   </div>
   <div class='ocr_carea' id='block_1_3' title="bbox 13 683 1126 770">
    <p class='ocr_par' dir='ltr' id='par_1_3' title="bbox 13 683 1126 770">
     <span class='ocr_line' id='line_1_6' title="bbox 13 683 1126 770; baseline 0.002 -21"><span class='ocrx_word' id='word_1_38' title='bbox 13 747 15 762; x_wconf 83' lang='grc'>,</span> <span class='ocrx_word' id='word_1_39' title='bbox 128 687 253 749; x_wconf 88' lang='lat' dir='ltr'><strong>serunt:</strong></span> <span class='ocrx_word' id='word_1_40' title='bbox 286 683 322 748; x_wconf 89' lang='lat' dir='ltr'><strong>hi</strong></span> <span class='ocrx_word' id='word_1_41' title='bbox 354 684 476 749; x_wconf 89' lang='lat' dir='ltr'><strong>conscii</strong></span> <span class='ocrx_word' id='word_1_42' title='bbox 509 687 587 749; x_wconf 89' lang='lat' dir='ltr'><strong>sunt</strong></span> <span class='ocrx_word' id='word_1_43' title='bbox 619 685 778 770; x_wconf 84' lang='lat' dir='ltr'><strong>emnium3</strong></span> <span class='ocrx_word' id='word_1_44' title='bbox 810 684 846 749; x_wconf 89' lang='lat' dir='ltr'><strong>hi</strong></span> <span class='ocrx_word' id='word_1_45' title='bbox 877 684 959 749; x_wconf 92' lang='lat' dir='ltr'><strong>mihi</strong></span> <span class='ocrx_word' id='word_1_46' title='bbox 995 686 1126 751; x_wconf 76' lang='lat' dir='ltr'><strong>iraseis</strong></span> 
     </span>
    </p>
   </div>
   <div class='ocr_carea' id='block_1_4' title="bbox 128 772 1093 946">
    <p class='ocr_par' dir='ltr' id='par_1_4' title="bbox 128 772 1093 946">
     <span class='ocr_line' id='line_1_7' title="bbox 128 772 1092 860; baseline 0.003 -23"><span class='ocrx_word' id='word_1_47' title='bbox 128 776 281 858; x_wconf 80' lang='lat' dir='ltr'><strong>possunt,</strong></span> <span class='ocrx_word' id='word_1_48' title='bbox 304 773 332 836; x_wconf 94' lang='lat' dir='ltr'><strong>si</strong></span> <span class='ocrx_word' id='word_1_49' title='bbox 355 773 528 838; x_wconf 86' lang='lat' dir='ltr'><strong>tormentis</strong></span> <span class='ocrx_word' id='word_1_50' title='bbox 552 773 621 837; x_wconf 90' lang='lat' dir='ltr'><strong>sine</strong></span> <span class='ocrx_word' id='word_1_51' title='bbox 644 794 743 838; x_wconf 92' lang='lat' dir='ltr'><strong>causa</strong></span> <span class='ocrx_word' id='word_1_52' title='bbox 766 773 953 839; x_wconf 87' lang='lat' dir='ltr'><strong>offeruntur.</strong></span> <span class='ocrx_word' id='word_1_53' title='bbox 997 772 1092 860; x_wconf 76' lang='lat' dir='ltr'><strong>„Non</strong></span> 
     </span>
     <span class='ocr_line' id='line_1_8' title="bbox 129 861 1093 946; baseline 0.003 -21"><span class='ocrx_word' id='word_1_54' title='bbox 129 865 179 926; x_wconf 89' lang='lat' dir='ltr'><strong>est</strong></span> <span class='ocrx_word' id='word_1_55' title='bbox 205 866 316 926; x_wconf 89' lang='lat' dir='ltr'><strong>tamen</strong></span> <span class='ocrx_word' id='word_1_56' title='bbox 339 882 492 946; x_wconf 87' lang='lat' dir='ltr'><strong>aequum,</strong></span> <span class='ocrx_word' id='word_1_57' title='bbox 522 861 705 946; x_wconf 88' lang='lat' dir='ltr'><strong>comparari</strong></span> <span class='ocrx_word' id='word_1_58' title='bbox 727 861 824 926; x_wconf 90' lang='lat' dir='ltr'><strong>fidem</strong></span> <span class='ocrx_word' id='word_1_59' title='bbox 847 864 1093 929; x_wconf 87' lang='lat' dir='ltr'><strong>tormentorum.</strong></span> 
     </span>
    </p>
   </div>
   <div class='ocr_carea' id='block_1_5' title="bbox 13 949 1093 1036">
    <p class='ocr_par' dir='ltr' id='par_1_5' title="bbox 13 949 1093 1036">
     <span class='ocr_line' id='line_1_9' title="bbox 13 949 1093 1036; baseline 0.002 -22"><span class='ocrx_word' id='word_1_60' title='bbox 13 971 15 990; x_wconf 89' lang='lat'><em>·</em></span> <span class='ocrx_word' id='word_1_61' title='bbox 130 972 167 1014; x_wconf 86' lang='lat' dir='ltr'><strong>ex</strong></span> <span class='ocrx_word' id='word_1_62' title='bbox 191 950 297 1015; x_wconf 89' lang='lat' dir='ltr'><strong>altera</strong></span> <span class='ocrx_word' id='word_1_63' title='bbox 318 953 412 1033; x_wconf 88' lang='lat' dir='ltr'><strong>parte</strong></span> <span class='ocrx_word' id='word_1_64' title='bbox 435 949 531 1015; x_wconf 89' lang='lat' dir='ltr'><strong>liberi</strong></span> <span class='ocrx_word' id='word_1_65' title='bbox 554 953 588 1015; x_wconf 95' lang='lat' dir='ltr'><strong>et</strong></span> <span class='ocrx_word' id='word_1_66' title='bbox 610 949 743 1035; x_wconf 78' lang='lat' dir='ltr'><strong>ingenui</strong></span> <span class='ocrx_word' id='word_1_67' title='bbox 765 951 846 1016; x_wconf 90' lang='lat' dir='ltr'><strong>torti</strong></span> <span class='ocrx_word' id='word_1_68' title='bbox 871 955 957 1036; x_wconf 74' lang='lat' dir='ltr'><strong>sunt,</strong></span> <span class='ocrx_word' id='word_1_69' title='bbox 986 973 1025 1018; x_wconf 86' lang='lat' dir='ltr'><strong>ex</strong></span> <span class='ocrx_word' id='word_1_70' title='bbox 1049 953 1093 1019; x_wconf 87' lang='lat' dir='ltr'><strong>al·</strong></span> 
     </span>
    </p>
   </div>
   <div class='ocr_carea' id='block_1_6' title="bbox 126 1035 1145 2009">
    <p class='ocr_par' dir='ltr' id='par_1_6' title="bbox 126 1035 1145 2009">
     <span class='ocr_line' id='line_1_10' title="bbox 126 1035 1093 1126; baseline 0.004 -23"><span class='ocrx_word' id='word_1_71' title='bbox 126 1041 198 1104; x_wconf 90' lang='lat' dir='ltr'><strong>tera</strong></span> <span class='ocrx_word' id='word_1_72' title='bbox 228 1041 323 1124; x_wconf 84' lang='lat' dir='ltr'><strong>parte</strong></span> <span class='ocrx_word' id='word_1_73' title='bbox 355 1038 468 1105; x_wconf 84' lang='lat' dir='ltr'><strong>servi.“</strong></span> <span class='ocrx_word' id='word_1_74' title='bbox 511 1035 589 1104; x_wconf 90' lang='lat' dir='ltr'><strong>Non</strong></span> <span class='ocrx_word' id='word_1_75' title='bbox 619 1038 700 1104; x_wconf 87' lang='lat' dir='ltr'><strong>facit</strong></span> <span class='ocrx_word' id='word_1_76' title='bbox 735 1040 838 1104; x_wconf 76' lang='lat' dir='ltr'><strong>states</strong></span> <span class='ocrx_word' id='word_1_77' title='bbox 869 1041 1093 1126; x_wconf 68' lang='lat' dir='ltr'><strong>pertinaciam,</strong></span> 
     </span>
     <span class='ocr_line' id='line_1_11' title="bbox 129 1127 1145 1215; baseline 0.004 -23"><span class='ocrx_word' id='word_1_78' title='bbox 129 1127 186 1192; x_wconf 92' lang='lat' dir='ltr'><strong>sed</strong></span> <span class='ocrx_word' id='word_1_79' title='bbox 205 1148 303 1194; x_wconf 83' lang='lat' dir='ltr'><strong>eausa</strong></span> <span class='ocrx_word' id='word_1_80' title='bbox 322 1127 509 1193; x_wconf 88' lang='lat' dir='ltr'><strong>mentiendi.</strong></span> <span class='ocrx_word' id='word_1_81' title='bbox 545 1147 624 1214; x_wconf 80' lang='lat' dir='ltr'><strong>ergo</strong></span> <span class='ocrx_word' id='word_1_82' title='bbox 644 1128 805 1213; x_wconf 90' lang='lat' dir='ltr'><strong>quomodo</strong></span> <span class='ocrx_word' id='word_1_83' title='bbox 821 1149 881 1213; x_wconf 82' lang='lat' dir='ltr'><strong>ego</strong></span> <span class='ocrx_word' id='word_1_84' title='bbox 901 1129 985 1197; x_wconf 86' lang='lat' dir='ltr'><strong>dico:</strong></span> <span class='ocrx_word' id='word_1_85' title='bbox 1003 1152 1091 1215; x_wconf 78' lang='lat' dir='ltr'><strong>›per-</strong></span> <span class='ocrx_word' id='word_1_86' title='bbox 1112 1147 1145 1196; x_wconf 90' lang='lat'><strong>10</strong></span> 
     </span>
     <span class='ocr_line' id='line_1_12' title="bbox 127 1215 1092 1302; baseline 0.003 -21"><span class='ocrx_word' id='word_1_87' title='bbox 127 1216 300 1302; x_wconf 65' lang='lat' dir='ltr'><strong>revertisti,</strong></span> <span class='ocrx_word' id='word_1_88' title='bbox 332 1220 369 1280; x_wconf 91' lang='lat' dir='ltr'><strong>ut</strong></span> <span class='ocrx_word' id='word_1_89' title='bbox 400 1217 573 1300; x_wconf 87' lang='lat' dir='ltr'><strong>pecuniam</strong></span> <span class='ocrx_word' id='word_1_90' title='bbox 601 1215 821 1302; x_wconf 61' lang='lat' dir='ltr'><strong>lucrifacerem</strong></span> <span class='ocrx_word' id='word_1_91' title='bbox 854 1221 1013 1302; x_wconf 88' lang='lat' dir='ltr'><strong>spectasti</strong></span> <span class='ocrx_word' id='word_1_92' title='bbox 1044 1241 1092 1284; x_wconf 89' lang='lat' dir='ltr'><strong>se·</strong></span> 
     </span>
     <span class='ocr_line' id='line_1_13' title="bbox 128 1305 1092 1390; baseline 0.003 -21"><span class='ocrx_word' id='word_1_93' title='bbox 128 1305 263 1388; x_wconf 76' lang='lat' dir='ltr'>quentia</span> <span class='ocrx_word' id='word_1_94' title='bbox 280 1309 439 1389; x_wconf 87' lang='lat' dir='ltr'><strong>tempora,</strong></span> <span class='ocrx_word' id='word_1_95' title='bbox 462 1305 618 1390; x_wconf 78' lang='lat' dir='ltr'><strong>spectasti</strong></span> <span class='ocrx_word' id='word_1_96' title='bbox 631 1306 783 1390; x_wconf 70' lang='lat' dir='ltr'><strong>lucrum«,</strong></span> <span class='ocrx_word' id='word_1_97' title='bbox 807 1306 854 1371; x_wconf 88' lang='lat' dir='ltr'><strong>sic</strong></span> <span class='ocrx_word' id='word_1_98' title='bbox 867 1310 905 1370; x_wconf 92' lang='lat' dir='ltr'><strong>tu</strong></span> <span class='ocrx_word' id='word_1_99' title='bbox 918 1306 983 1372; x_wconf 88' lang='lat' dir='ltr'><strong>diu:</strong></span> <span class='ocrx_word' id='word_1_100' title='bbox 1007 1307 1092 1373; x_wconf 84' lang='lat' dir='ltr'><strong>servi</strong></span> 
     </span>
     <span class='ocr_line' id='line_1_14' title="bbox 126 1393 1091 1479; baseline 0.001 -22"><span class='ocrx_word' id='word_1_101' title='bbox 126 1393 193 1457; x_wconf 91' lang='lat' dir='ltr'><strong>mei</strong></span> <span class='ocrx_word' id='word_1_102' title='bbox 216 1393 294 1478; x_wconf 85' lang='lat' dir='ltr'><strong>quid</strong></span> <span class='ocrx_word' id='word_1_103' title='bbox 317 1394 496 1478; x_wconf 80' lang='lat' dir='ltr'><strong>spectaturi</strong></span> <span class='ocrx_word' id='word_1_104' title='bbox 521 1393 619 1458; x_wconf 87' lang='lat' dir='ltr'><strong>sunt?</strong></span> <span class='ocrx_word' id='word_1_105' title='bbox 647 1393 723 1478; x_wconf 87' lang='lat' dir='ltr'><strong>quid</strong></span> <span class='ocrx_word' id='word_1_106' title='bbox 747 1415 792 1462; x_wconf 77' lang='lat' dir='ltr'><strong>ex,</strong></span> <span class='ocrx_word' id='word_1_107' title='bbox 808 1394 871 1460; x_wconf 88' lang='lat' dir='ltr'><strong>hoe</strong></span> <span class='ocrx_word' id='word_1_108' title='bbox 894 1415 1091 1479; x_wconf 86' lang='lat' dir='ltr'><strong>consequen·</strong></span> 
     </span>
     <span class='ocr_line' id='line_1_15' title="bbox 126 1477 1091 1570; baseline 0.002 -24"><span class='ocrx_word' id='word_1_109' title='bbox 126 1481 204 1548; x_wconf 85' lang='lat' dir='ltr'><strong>tur?</strong></span> <span class='ocrx_word' id='word_1_110' title='bbox 229 1485 262 1547; x_wconf 88' lang='lat' dir='ltr'><strong>et</strong></span> <span class='ocrx_word' id='word_1_111' title='bbox 280 1504 339 1547; x_wconf 84' lang='lat' dir='ltr'><strong>voe</strong></span> <span class='ocrx_word' id='word_1_112' title='bbox 359 1483 487 1567; x_wconf 87' lang='lat' dir='ltr'><strong>quidem</strong></span> <span class='ocrx_word' id='word_1_113' title='bbox 504 1487 665 1566; x_wconf 87' lang='lat' dir='ltr'><strong>tyrannus</strong></span> <span class='ocrx_word' id='word_1_114' title='bbox 685 1477 736 1566; x_wconf 88' lang='lat' dir='ltr'><strong>(ut</strong></span> <span class='ocrx_word' id='word_1_115' title='bbox 753 1482 943 1567; x_wconf 80' lang='lat' dir='ltr'><strong>parcissime</strong></span> <span class='ocrx_word' id='word_1_116' title='bbox 958 1482 1091 1570; x_wconf 88' lang='lat' dir='ltr'><strong>loquar)</strong></span> 
     </span>
     <span class='ocr_line' id='line_1_16' title="bbox 127 1569 1142 1656; baseline 0.002 -20"><span class='ocrx_word' id='word_1_117' title='bbox 127 1569 266 1636; x_wconf 89' lang='lat' dir='ltr'><strong>dimisit:</strong></span> <span class='ocrx_word' id='word_1_118' title='bbox 298 1574 335 1635; x_wconf 92' lang='lat' dir='ltr'><strong>tu</strong></span> <span class='ocrx_word' id='word_1_119' title='bbox 366 1569 502 1636; x_wconf 87' lang='lat' dir='ltr'><strong>arbitrie</strong></span> <span class='ocrx_word' id='word_1_120' title='bbox 534 1576 591 1636; x_wconf 91' lang='lat' dir='ltr'><strong>tuo</strong></span> <span class='ocrx_word' id='word_1_121' title='bbox 625 1575 754 1655; x_wconf 87' lang='lat' dir='ltr'><strong>terque:</strong></span> <span class='ocrx_word' id='word_1_122' title='bbox 787 1570 942 1656; x_wconf 91' lang='lat' dir='ltr'><strong>quidquid</strong></span> <span class='ocrx_word' id='word_1_123' title='bbox 973 1593 1089 1655; x_wconf 85' lang='lat' dir='ltr'><strong>pessus</strong></span> <span class='ocrx_word' id='word_1_124' title='bbox 1108 1587 1142 1638; x_wconf 76' lang='grc'><strong>11</strong></span> 
     </span>
     <span class='ocr_line' id='line_1_17' title="bbox 127 1658 1090 1746; baseline 0.002 -22"><span class='ocrx_word' id='word_1_125' title='bbox 127 1681 176 1742; x_wconf 89' lang='lat' dir='ltr'><strong>es,</strong></span> <span class='ocrx_word' id='word_1_126' title='bbox 207 1658 361 1746; x_wconf 89' lang='lat' dir='ltr'><strong>quidquid</strong></span> <span class='ocrx_word' id='word_1_127' title='bbox 393 1659 519 1724; x_wconf 79' lang='lat' dir='ltr'><strong>adicere</strong></span> <span class='ocrx_word' id='word_1_128' title='bbox 551 1659 764 1725; x_wconf 86' lang='lat' dir='ltr'><strong>inveniendae</strong></span> <span class='ocrx_word' id='word_1_129' title='bbox 796 1659 945 1726; x_wconf 81' lang='lat' dir='ltr'><strong>veritatis</strong></span> <span class='ocrx_word' id='word_1_130' title='bbox 981 1661 1090 1746; x_wconf 85' lang='lat' dir='ltr'><strong>gratia</strong></span> 
     </span>
     <span class='ocr_line' id='line_1_18' title="bbox 127 1747 1092 1839; baseline 0.001 -26"><span class='ocrx_word' id='word_1_131' title='bbox 127 1752 237 1834; x_wconf 85' lang='lat' dir='ltr'><strong>potes,</strong></span> <span class='ocrx_word' id='word_1_132' title='bbox 264 1747 395 1830; x_wconf 84' lang='lat' dir='ltr'><strong>adhibe,¹</strong></span> <span class='ocrx_word' id='word_1_133' title='bbox 423 1747 500 1813; x_wconf 90' lang='lat' dir='ltr'><strong>dum</strong></span> <span class='ocrx_word' id='word_1_134' title='bbox 528 1747 661 1839; x_wconf 81' lang='lat' dir='ltr'><strong>spiritus</strong></span> <span class='ocrx_word' id='word_1_135' title='bbox 686 1747 762 1832; x_wconf 88' lang='lat' dir='ltr'><strong>erit,</strong></span> <span class='ocrx_word' id='word_1_136' title='bbox 789 1749 867 1814; x_wconf 90' lang='lat' dir='ltr'><strong>dum</strong></span> <span class='ocrx_word' id='word_1_137' title='bbox 888 1749 979 1834; x_wconf 92' lang='lat' dir='ltr'><strong>loqui</strong></span> <span class='ocrx_word' id='word_1_138' title='bbox 1001 1753 1092 1833; x_wconf 88' lang='lat' dir='ltr'><strong>pote-</strong></span> 
     </span>
     <span class='ocr_line' id='line_1_19' title="bbox 127 1837 1092 1923; baseline 0.001 -21"><span class='ocrx_word' id='word_1_139' title='bbox 127 1841 215 1902; x_wconf 87' lang='lat' dir='ltr'><strong>runt.</strong></span> <span class='ocrx_word' id='word_1_140' title='bbox 243 1858 370 1921; x_wconf 80' lang='lat' dir='ltr'><strong>quaere,</strong></span> <span class='ocrx_word' id='word_1_141' title='bbox 389 1859 430 1902; x_wconf 89' lang='lat' dir='ltr'><strong>an</strong></span> <span class='ocrx_word' id='word_1_142' title='bbox 448 1839 582 1923; x_wconf 81' lang='lat' dir='ltr'><strong>negent:</strong></span> <span class='ocrx_word' id='word_1_143' title='bbox 607 1840 640 1902; x_wconf 91' lang='lat' dir='ltr'><strong>et</strong></span> <span class='ocrx_word' id='word_1_144' title='bbox 659 1837 687 1902; x_wconf 90' lang='lat' dir='ltr'><strong>si</strong></span> <span class='ocrx_word' id='word_1_145' title='bbox 704 1839 991 1923; x_wconf 87' lang='lat' dir='ltr'><strong>perseveraverint,</strong></span> <span class='ocrx_word' id='word_1_146' title='bbox 1011 1838 1092 1904; x_wconf 90' lang='lat' dir='ltr'><strong>aude</strong></span> 
     </span>
     <span class='ocr_line' id='line_1_20' title="bbox 132 1925 963 2009; baseline 0.001 -20"><span class='ocrx_word' id='word_1_147' title='bbox 132 1925 247 2009; x_wconf 88' lang='lat' dir='ltr'><strong>dicere,</strong></span> <span class='ocrx_word' id='word_1_148' title='bbox 269 1925 417 1992; x_wconf 88' lang='lat' dir='ltr'><strong>homines</strong></span> <span class='ocrx_word' id='word_1_149' title='bbox 441 1925 477 1990; x_wconf 94' lang='lat' dir='ltr'><strong>in</strong></span> <span class='ocrx_word' id='word_1_150' title='bbox 498 1927 671 1992; x_wconf 90' lang='lat' dir='ltr'><strong>tormentis</strong></span> <span class='ocrx_word' id='word_1_151' title='bbox 696 1925 800 1992; x_wconf 84' lang='lat' dir='ltr'><strong>solere</strong></span> <span class='ocrx_word' id='word_1_152' title='bbox 823 1927 963 1992; x_wconf 88' lang='lat' dir='ltr'><strong>mentiri.</strong></span> 
     </span>
    </p>
   </div>
   <div class='ocr_carea' id='block_1_7' title="bbox 344 2187 1146 2399">
    <p class='ocr_par' dir='ltr' id='par_1_7' title="bbox 344 2187 1146 2399">
     <span class='ocr_line' id='line_1_21' title="bbox 528 2187 1146 2260; baseline 0.002 -2"><span class='ocrx_word' id='word_1_153' title='bbox 528 2187 696 2258; x_wconf 76' lang='lat' dir='ltr'>CCLXX.</span> <span class='ocrx_word' id='word_1_154' title='bbox 1111 2209 1146 2260; x_wconf 81' lang='lat'><strong>20</strong></span> 
     </span>
     <span class='ocr_line' id='line_1_22' title="bbox 344 2313 880 2399; baseline 0.006 -19"><span class='ocrx_word' id='word_1_155' title='bbox 344 2313 460 2399; x_wconf 83' lang='lat' dir='ltr'><strong>Rapta</strong></span> <span class='ocrx_word' id='word_1_156' title='bbox 483 2332 530 2382; x_wconf 85' lang='lat' dir='ltr'><strong>ex</strong></span> <span class='ocrx_word' id='word_1_157' title='bbox 553 2315 691 2382; x_wconf 83' lang='lat' dir='ltr'><strong>duabus</strong></span> <span class='ocrx_word' id='word_1_158' title='bbox 714 2316 880 2396; x_wconf 79' lang='lat' dir='ltr'><strong>geminis.</strong></span> 
     </span>
    </p>
   </div>
   <div class='ocr_carea' id='block_1_8' title="bbox 129 2457 1145 3008">
    <p class='ocr_par' dir='ltr' id='par_1_8' title="bbox 129 2457 1145 3008">
     <span class='ocr_line' id='line_1_23' title="bbox 129 2457 1092 2543; baseline 0.003 -19"><span class='ocrx_word' id='word_1_159' title='bbox 129 2457 196 2535; x_wconf 80' lang='lat' dir='ltr'><strong>Qur</strong></span> <span class='ocrx_word' id='word_1_160' title='bbox 221 2473 331 2526; x_wconf 70' lang='lat' dir='ltr'><strong>erues</strong></span> <span class='ocrx_word' id='word_1_161' title='bbox 354 2475 484 2524; x_wconf 82' lang='lat' dir='ltr'><strong>nonme</strong></span> <span class='ocrx_word' id='word_1_162' title='bbox 508 2477 644 2543; x_wconf 82' lang='lat' dir='ltr'><strong>sunam,</strong></span> <span class='ocrx_word' id='word_1_163' title='bbox 668 2475 794 2524; x_wconf 75' lang='lat' dir='ltr'><strong>carrus</strong></span> <span class='ocrx_word' id='word_1_164' title='bbox 818 2477 1004 2527; x_wconf 73' lang='lat' dir='ltr'><strong>rumaren</strong></span> <span class='ocrx_word' id='word_1_165' title='bbox 1041 2459 1092 2526; x_wconf 80' lang='lat' dir='ltr'><strong>Ex</strong></span> 
     </span>
     <span class='ocr_line' id='line_1_24' title="bbox 220 2547 1092 2633; baseline 0.003 -22"><span class='ocrx_word' id='word_1_166' title='bbox 220 2547 345 2613; x_wconf 88' lang='lat' dir='ltr'><strong>duabus</strong></span> <span class='ocrx_word' id='word_1_167' title='bbox 369 2549 508 2633; x_wconf 86' lang='lat' dir='ltr'><strong>geminis</strong></span> <span class='ocrx_word' id='word_1_168' title='bbox 532 2549 721 2613; x_wconf 86' lang='lat' dir='ltr'><strong>adulescens</strong></span> <span class='ocrx_word' id='word_1_169' title='bbox 745 2547 880 2613; x_wconf 87' lang='lat' dir='ltr'><strong>alteram</strong></span> <span class='ocrx_word' id='word_1_170' title='bbox 903 2550 1020 2631; x_wconf 79' lang='lat' dir='ltr'><strong>rapuit.</strong></span> <span class='ocrx_word' id='word_1_171' title='bbox 1053 2570 1092 2614; x_wconf 89' lang='lat' dir='ltr'><strong>ea</strong></span> 
     </span>
     <span class='ocr_line' id='line_1_25' title="bbox 218 2636 1092 2721; baseline 0.001 -20"><span class='ocrx_word' id='word_1_172' title='bbox 218 2658 252 2701; x_wconf 87' lang='lat' dir='ltr'><strong>se</strong></span> <span class='ocrx_word' id='word_1_173' title='bbox 267 2636 443 2720; x_wconf 89' lang='lat' dir='ltr'><strong>suspendit.</strong></span> <span class='ocrx_word' id='word_1_174' title='bbox 465 2641 560 2721; x_wconf 91' lang='lat' dir='ltr'><strong>pater</strong></span> <span class='ocrx_word' id='word_1_175' title='bbox 574 2638 711 2703; x_wconf 86' lang='lat' dir='ltr'><strong>alteram</strong></span> <span class='ocrx_word' id='word_1_176' title='bbox 730 2636 841 2702; x_wconf 84' lang='lat' dir='ltr'><strong>eduxit</strong></span> <span class='ocrx_word' id='word_1_177' title='bbox 860 2636 900 2701; x_wconf 91' lang='lat' dir='ltr'><strong>ad</strong></span> <span class='ocrx_word' id='word_1_178' title='bbox 919 2637 1092 2721; x_wconf 82' lang='lat' dir='ltr'><strong>magistra·</strong></span> 
     </span>
     <span class='ocr_line' id='line_1_26' title="bbox 217 2725 1145 2812; baseline -0.001 -23"><span class='ocrx_word' id='word_1_179' title='bbox 217 2728 271 2789; x_wconf 89' lang='lat' dir='ltr'><strong>tus</strong></span> <span class='ocrx_word' id='word_1_180' title='bbox 299 2729 332 2790; x_wconf 90' lang='lat' dir='ltr'><strong>et</strong></span> <span class='ocrx_word' id='word_1_181' title='bbox 357 2726 525 2810; x_wconf 86' lang='lat' dir='ltr'><strong>praecepit</strong></span> <span class='ocrx_word' id='word_1_182' title='bbox 552 2725 617 2811; x_wconf 92' lang='lat' dir='ltr'><strong>illi,</strong></span> <span class='ocrx_word' id='word_1_183' title='bbox 644 2729 681 2790; x_wconf 92' lang='lat' dir='ltr'><strong>ut</strong></span> <span class='ocrx_word' id='word_1_184' title='bbox 709 2729 849 2790; x_wconf 90' lang='lat' dir='ltr'><strong>mortem</strong></span> <span class='ocrx_word' id='word_1_185' title='bbox 871 2726 1012 2811; x_wconf 87' lang='lat' dir='ltr'><strong>raptoris</strong></span> <span class='ocrx_word' id='word_1_186' title='bbox 1036 2746 1090 2812; x_wconf 90' lang='lat' dir='ltr'><strong>op·</strong></span> <span class='ocrx_word' id='word_1_187' title='bbox 1110 2737 1145 2788; x_wconf 77' lang='lat'><strong>25</strong></span> 
     </span>
     <span class='ocr_line' id='line_1_27' title="bbox 215 2814 1091 2899; baseline 0.002 -21"><span class='ocrx_word' id='word_1_188' title='bbox 215 2817 312 2881; x_wconf 86' lang='lat' dir='ltr'><strong>taret.</strong></span> <span class='ocrx_word' id='word_1_189' title='bbox 357 2814 547 2879; x_wconf 87' lang='lat' dir='ltr'><strong>adulescens</strong></span> <span class='ocrx_word' id='word_1_190' title='bbox 574 2815 704 2898; x_wconf 87' lang='lat' dir='ltr'><strong>putavit</strong></span> <span class='ocrx_word' id='word_1_191' title='bbox 731 2835 802 2880; x_wconf 86' lang='lat' dir='ltr'><strong>eam</strong></span> <span class='ocrx_word' id='word_1_192' title='bbox 827 2835 1017 2899; x_wconf 87' lang='lat' dir='ltr'><strong>essequam</strong></span> <span class='ocrx_word' id='word_1_193' title='bbox 1041 2837 1091 2881; x_wconf 74' lang='lat' dir='ltr'><strong>ra</strong></span> 
     </span>
     <span class='ocr_line' id='line_1_28' title="bbox 217 2902 1099 3008; baseline 0.003 -41"><span class='ocrx_word' id='word_1_194' title='bbox 217 2907 339 2986; x_wconf 86' lang='lat' dir='ltr'><strong>pnerat.</strong></span> <span class='ocrx_word' id='word_1_195' title='bbox 386 2902 459 2967; x_wconf 84' lang='lat' dir='ltr'><strong>duci</strong></span> <span class='ocrx_word' id='word_1_196' title='bbox 488 2924 560 2981; x_wconf 84' lang='lat' dir='ltr'><strong>eum</strong></span> <span class='ocrx_word' id='word_1_197' title='bbox 591 2903 688 2968; x_wconf 88' lang='lat' dir='ltr'><strong>iussit</strong></span> <span class='ocrx_word' id='word_1_198' title='bbox 710 2903 932 2988; x_wconf 85' lang='lat' dir='ltr'><strong>magistratus.</strong></span> <span class='ocrx_word' id='word_1_199' title='bbox 977 2908 1099 3008; x_wconf 68' lang='lat' dir='ltr'><strong>postea¹</strong></span> 
     </span>
    </p>
   </div>
   <div class='ocr_carea' id='block_1_9' title="bbox 124 3095 1091 3521">
    <p class='ocr_par' dir='ltr' id='par_1_9' title="bbox 124 3095 1091 3521">
     <span class='ocr_line' id='line_1_29' title="bbox 199 3095 1090 3166; baseline 0 -18"><span class='ocrx_word' id='word_1_200' title='bbox 199 3101 215 3148; x_wconf 80' lang='lat'><strong>2</strong></span> <span class='ocrx_word' id='word_1_201' title='bbox 235 3111 332 3152; x_wconf 90' lang='lat' dir='ltr'><strong>omues</strong></span> <span class='ocrx_word' id='word_1_202' title='bbox 349 3095 414 3150; x_wconf 86' lang='lat' dir='ltr'><strong>lites</strong></span> <span class='ocrx_word' id='word_1_203' title='bbox 428 3095 544 3150; x_wconf 86' lang='lat' dir='ltr'><strong>huiusce</strong></span> <span class='ocrx_word' id='word_1_204' title='bbox 558 3110 659 3151; x_wconf 86' lang='lat' dir='ltr'><strong>causae</strong></span> <span class='ocrx_word' id='word_1_205' title='bbox 677 3099 725 3148; x_wconf 79' lang='lat' dir='ltr'><strong>Ar</strong></span> <span class='ocrx_word' id='word_1_206' title='bbox 739 3097 778 3165; x_wconf 82' lang='grc'>13</span> <span class='ocrx_word' id='word_1_207' title='bbox 797 3095 969 3166; x_wconf 86' lang='lat' dir='ltr'><strong>perdiderim</strong></span> <span class='ocrx_word' id='word_1_208' title='bbox 987 3109 1090 3163; x_wconf 85' lang='lat' dir='ltr'><strong>quaere</strong></span> 
     </span>
     <span class='ocr_line' id='line_1_30' title="bbox 127 3165 1090 3237; baseline 0.001 -18"><span class='ocrx_word' id='word_1_209' title='bbox 127 3167 160 3220; x_wconf 87' lang='lat' dir='ltr'><strong>tu</strong></span> <span class='ocrx_word' id='word_1_210' title='bbox 180 3165 255 3221; x_wconf 80' lang='lat' dir='ltr'><strong>servi</strong></span> <span class='ocrx_word' id='word_1_211' title='bbox 271 3170 301 3234; x_wconf 81' lang='grc'>11,</span> <span class='ocrx_word' id='word_1_212' title='bbox 319 3165 491 3236; x_wconf 86' lang='lat' dir='ltr'><strong>perdiderim</strong></span> <span class='ocrx_word' id='word_1_213' title='bbox 508 3165 599 3221; x_wconf 89' lang='lat' dir='ltr'><strong>nescis</strong></span> <span class='ocrx_word' id='word_1_214' title='bbox 617 3183 645 3220; x_wconf 84' lang='lat' dir='ltr'><strong>se</strong></span> <span class='ocrx_word' id='word_1_215' title='bbox 681 3165 687 3178; x_wconf 90' lang='lat'>&#39;</span> <span class='ocrx_word' id='word_1_216' title='bbox 707 3169 748 3237; x_wconf 78' lang='grc'>(111</span> <span class='ocrx_word' id='word_1_217' title='bbox 768 3172 783 3220; x_wconf 81' lang='grc'><strong>6</strong></span> <span class='ocrx_word' id='word_1_218' title='bbox 802 3167 947 3221; x_wconf 85' lang='lat' dir='ltr'><strong>termeutis</strong></span> <span class='ocrx_word' id='word_1_219' title='bbox 966 3172 989 3218; x_wconf 99' lang='lat' dir='ltr'>A</span> <span class='ocrx_word' id='word_1_220' title='bbox 1002 3167 1042 3236; x_wconf 87' lang='grc'><strong>118</strong></span> <span class='ocrx_word' id='word_1_221' title='bbox 1061 3167 1090 3220; x_wconf 89' lang='lat' dir='ltr'><strong>at</strong></span> 
     </span>
     <span class='ocr_line' id='line_1_31' title="bbox 124 3235 1089 3310; baseline 0.001 -19"><span class='ocrx_word' id='word_1_222' title='bbox 124 3253 176 3294; x_wconf 75' lang='lat' dir='ltr'><strong>eru.</strong></span> <span class='ocrx_word' id='word_1_223' title='bbox 197 3241 220 3290; x_wconf 93' lang='lat' dir='ltr'>A</span> <span class='ocrx_word' id='word_1_224' title='bbox 242 3240 252 3307; x_wconf 93' lang='grc'>1</span> <span class='ocrx_word' id='word_1_225' title='bbox 275 3243 292 3292; x_wconf 83' lang='grc'>9</span> <span class='ocrx_word' id='word_1_226' title='bbox 311 3235 409 3300; x_wconf 80' lang='lat' dir='ltr'><strong>*servi</strong></span> <span class='ocrx_word' id='word_1_227' title='bbox 419 3235 645 3310; x_wconf 85' lang='lat' dir='ltr'><strong>&lt;torquebuntur</strong></span> <span class='ocrx_word' id='word_1_228' title='bbox 684 3236 721 3304; x_wconf 72' lang='lat'><strong>(2)</strong></span> <span class='ocrx_word' id='word_1_229' title='bbox 745 3239 755 3306; x_wconf 93' lang='grc'><strong>11</strong></span> <span class='ocrx_word' id='word_1_230' title='bbox 776 3236 833 3291; x_wconf 83' lang='lat' dir='ltr'><strong>ieta</strong></span> <span class='ocrx_word' id='word_1_231' title='bbox 850 3253 894 3292; x_wconf 87' lang='lat' dir='ltr'><strong>ree</strong></span> <span class='ocrx_word' id='word_1_232' title='bbox 912 3240 997 3306; x_wconf 68' lang='lat' dir='ltr'><strong>Alc,</strong></span> <span class='ocrx_word' id='word_1_233' title='bbox 1020 3253 1089 3292; x_wconf 84' lang='lat' dir='ltr'><strong>cerr.</strong></span> 
     </span>
     <span class='ocr_line' id='line_1_32' title="bbox 127 3306 1090 3378; baseline 0.001 -16"><span class='ocrx_word' id='word_1_234' title='bbox 127 3306 171 3362; x_wconf 78' lang='lat' dir='ltr'><strong>Gr</strong></span> <span class='ocrx_word' id='word_1_235' title='bbox 193 3309 204 3376; x_wconf 88' lang='grc'>1</span> <span class='ocrx_word' id='word_1_236' title='bbox 227 3313 261 3362; x_wconf 89' lang='grc'><strong>10</strong></span> <span class='ocrx_word' id='word_1_237' title='bbox 280 3324 295 3363; x_wconf 89' lang='lat' dir='ltr'><strong>e</strong></span> <span class='ocrx_word' id='word_1_238' title='bbox 316 3324 332 3364; x_wconf 91' lang='lat'><strong>0</strong></span> <span class='ocrx_word' id='word_1_239' title='bbox 352 3308 492 3378; x_wconf 88' lang='lat' dir='ltr'><strong>quomodo</strong></span> <span class='ocrx_word' id='word_1_240' title='bbox 512 3307 576 3362; x_wconf 85' lang='lat' dir='ltr'><strong>dieu</strong></span> <span class='ocrx_word' id='word_1_241' title='bbox 595 3311 618 3360; x_wconf 93' lang='lat' dir='ltr'>A</span> <span class='ocrx_word' id='word_1_242' title='bbox 636 3310 646 3376; x_wconf 86' lang='grc'>1</span> <span class='ocrx_word' id='word_1_243' title='bbox 663 3308 848 3376; x_wconf 80' lang='lat' dir='ltr'><strong>perseveretis</strong></span> <span class='ocrx_word' id='word_1_244' title='bbox 866 3311 887 3360; x_wconf 82' lang='grc'><strong>11</strong></span> <span class='ocrx_word' id='word_1_245' title='bbox 909 3310 919 3378; x_wconf 91' lang='lat' dir='ltr'><strong>l</strong></span> <span class='ocrx_word' id='word_1_246' title='bbox 944 3315 976 3363; x_wconf 84' lang='grc'>13</span> <span class='ocrx_word' id='word_1_247' title='bbox 995 3325 1090 3363; x_wconf 88' lang='lat' dir='ltr'><strong>eonse-</strong></span> 
     </span>
     <span class='ocr_line' id='line_1_33' title="bbox 125 3326 1091 3451; baseline -0.001 -18"><span class='ocrx_word' id='word_1_248' title='bbox 125 3381 227 3434; x_wconf 85' lang='lat' dir='ltr'><strong>enntur</strong></span> <span class='ocrx_word' id='word_1_249' title='bbox 245 3326 315 3448; x_wconf 56' lang='lat' dir='ltr'><strong>Ari</strong></span> <span class='ocrx_word' id='word_1_250' title='bbox 333 3384 365 3433; x_wconf 76' lang='lat'><strong>16</strong></span> <span class='ocrx_word' id='word_1_251' title='bbox 384 3381 438 3434; x_wconf 88' lang='lat' dir='ltr'><strong>tor.</strong></span> <span class='ocrx_word' id='word_1_252' title='bbox 458 3381 488 3434; x_wconf 87' lang='lat' dir='ltr'><strong>et</strong></span> <span class='ocrx_word' id='word_1_253' title='bbox 506 3396 551 3447; x_wconf 87' lang='lat' dir='ltr'><strong>qu.</strong></span> <span class='ocrx_word' id='word_1_254' title='bbox 569 3381 661 3448; x_wconf 82' lang='grc'>111117</span> <span class='ocrx_word' id='word_1_255' title='bbox 682 3375 872 3433; x_wconf 86' lang='lat' dir='ltr'><strong>adhibendum</strong></span> <span class='ocrx_word' id='word_1_256' title='bbox 891 3395 953 3448; x_wconf 88' lang='lat' dir='ltr'><strong>spes</strong></span> <span class='ocrx_word' id='word_1_257' title='bbox 972 3379 1027 3435; x_wconf 87' lang='lat' dir='ltr'><strong>erit</strong></span> <span class='ocrx_word' id='word_1_258' title='bbox 1043 3383 1064 3432; x_wconf 82' lang='grc'><strong>11</strong></span> <span class='ocrx_word' id='word_1_259' title='bbox 1082 3379 1091 3451; x_wconf 91' lang='grc'><strong>11</strong></span> 
     </span>
     <span class='ocr_line' id='line_1_34' title="bbox 126 3449 786 3521; baseline -0.002 -18"><span class='ocrx_word' id='word_1_260' title='bbox 126 3455 163 3504; x_wconf 82' lang='grc'>18</span> <span class='ocrx_word' id='word_1_261' title='bbox 182 3452 232 3504; x_wconf 91' lang='lat' dir='ltr'><strong>aut</strong></span> <span class='ocrx_word' id='word_1_262' title='bbox 250 3450 357 3506; x_wconf 87' lang='lat' dir='ltr'><strong>edicere</strong></span> <span class='ocrx_word' id='word_1_263' title='bbox 377 3451 465 3521; x_wconf 73' lang='grc'>(1111</span> <span class='ocrx_word' id='word_1_264' title='bbox 485 3467 500 3505; x_wconf 88' lang='lat' dir='ltr'><strong>e</strong></span> <span class='ocrx_word' id='word_1_265' title='bbox 518 3451 611 3520; x_wconf 70' lang='grc'>3126</span> <span class='ocrx_word' id='word_1_266' title='bbox 630 3449 786 3520; x_wconf 76' lang='lat' dir='ltr'><strong>putebatd</strong></span> 
     </span>
    </p>
   </div>
   <div class='ocr_carea' id='block_1_10' title="bbox 0 0 1341 3968">
    <p class='ocr_par' dir='ltr' id='par_1_10' title="bbox 0 0 1341 3968">
     <span class='ocr_line' id='line_1_35' title="bbox 0 0 1341 3968; baseline 0 0"><span class='ocrx_word' id='word_1_267' title='bbox 0 0 1341 3968; x_wconf 95' lang='lat' dir='ltr'><strong> </strong></span> 
     </span>
    </p>
   </div>
  </div>
 </body>
</html>
