2692 3960
372 136 691 193 DECLAMATIONES.
711 137 929 193 cccxxxvffl.
1056 137 1121 204 333

225 299 303 366 Fuit
327 299 415 365 enim
439 299 612 385 aliquando
632 299 766 383 cupidus
785 299 971 383 liberorum,
1000 306 1033 365 et
1051 322 1123 386 pro-

159 393 233 474 pter
264 388 327 454 hoc
359 387 451 454 duxit
482 410 616 454 uxorem
643 391 677 452 et
704 389 746 452 ad
769 408 860 472 spem
884 391 998 454 statim
1020 388 1122 456 futuri

158 481 272 562 partus
297 477 481 562 gratulatus
505 481 556 542 est
579 481 613 543 et
633 481 747 542 natum
771 476 920 542 educavit
943 477 1028 541 etin
1046 478 1122 542 adu·

159 567 351 630 lescentiam
380 561 480 651 (quod
508 566 588 630 satis
621 563 684 651 est)
719 565 788 630 sine
820 565 888 630 ulla
919 563 1123 630 dubitatione

158 653 316 738 perduxit
341 653 496 718 libentius
515 653 550 718 in
565 654 761 739 gravissima
774 653 886 718 mariti
897 653 1027 737 iniuria,
1041 654 1123 720 iudi·
1141 673 1157 721 5

159 764 222 826 ces,
241 742 376 808 invehar
389 743 425 807 in
438 763 621 809 novercam.
644 742 711 808 scic
731 743 828 826 enim,
847 742 924 827 quid
937 743 1036 807 vellet
1052 743 1123 828 sibi,

161 852 236 897 cum
258 832 293 896 in
316 831 460 914 domum,
489 831 574 896 senis
603 832 670 896 iam
698 834 731 896 et
753 831 964 896 matrimonio
988 853 1123 917 oocupa-

152 922 230 984 tem
259 923 292 984 et
321 920 357 984 in
382 941 445 1004 qua
467 919 593 984 iuvenis
615 919 703 984 filius
726 924 809 1003 erat,
841 920 1032 1004 inrupisset:
1065 921 1124 986 sci-

159 1008 282 1092 <eba>t
307 1008 388 1072 haec
415 1029 512 1092 posse
540 1010 680 1074 vacuari.
724 1009 828 1074 nolite
858 1030 1027 1093 quaerere,
1059 1031 1122 1094 quo

160 1096 307 1181 consilio,
330 1097 544 1181 quaeratione
568 1097 697 1162 fecerit:
720 1098 791 1162 sola
814 1101 873 1164 est
914 1098 988 1162 odia
1010 1098 1122 1163 statim
1143 1116 1176 1165 1ο

161 1185 316 1251 adversus
344 1185 597 1270 adulescentem,
627 1207 688 1251 nec
713 1186 795 1251 haec
823 1187 950 1252 occulta
978 1190 1035 1252 aut
1061 1186 1124 1252 dis·

161 1273 315 1339 simulata
338 1274 469 1358 saltem,
498 1275 553 1338 sed
576 1275 694 1358 iurgia.
739 1275 825 1359 quod
848 1275 955 1359 ipsum
979 1297 1030 1340 me
1053 1275 1123 1340 her-

160 1362 231 1427 cule
258 1384 318 1447 pro
346 1384 474 1428 summa
500 1363 694 1448 probatione
722 1383 807 1446 esse,
836 1362 973 1446 iudices,
999 1367 1123 1447 potest:

160 1450 246 1516 hunc
273 1451 423 1518 iuvenem
451 1451 650 1538 sic,oderet,
677 1456 848 1535 tamquam
870 1472 1019 1517 noverca.
1064 1473 1124 1518 nec

158 1538 236 1604 huic
259 1540 395 1605 libertas
419 1561 457 1603 ex
480 1540 600 1605 fiducia
619 1540 737 1623 deerat,
760 1561 820 1606 nec
838 1540 974 1605 inveniri
994 1543 1124 1625 poterat
1144 1557 1177 1606 15

159 1628 266 1692 ullum
295 1629 418 1693 crimen
445 1629 481 1693 in
502 1629 585 1712 vita,
618 1650 681 1714 quo
706 1628 917 1695 abdicaretur.
955 1629 1124 1695 inventum

162 1720 213 1781 est
247 1737 367 1782 novum
399 1716 613 1782 exheredandi
645 1738 756 1803 genus.
810 1716 1006 1782 vilissimum
1035 1718 1124 1783 istud

162 1809 261 1889 caput
289 1810 323 1871 et
349 1805 383 1870 in
406 1827 641 1892 quemcumque
664 1807 755 1871 litem
778 1806 883 1891 pretio
904 1807 1014 1871 verbale
1033 1807 1124 1872 testi-

161 1894 307 1959 monium
335 1895 490 1960 adversus
517 1917 552 1959 se
580 1896 722 1980 primum
750 1895 840 1979 tulit,
873 1895 1060 1980 exposuisse
1089 1917 1124 1960 se

161 1980 255 2067 dixit3
285 1982 436 2048 videlicet
462 2005 503 2049 ne
535 1984 638 2050 istum
665 2005 736 2050 esse
763 1985 887 2050 malum
913 1985 1041 2070 patrem
1069 2006 1125 2069 pu·
1143 2001 1177 2049 1ο

164 2070 263 2136 deret.
298 2075 404 2136 testor
426 2072 517 2157 deos,
540 2076 644 2138 testor
666 2077 818 2158 vestram,
841 2073 971 2156 iudices,
993 2073 1124 2158 religio·

164 2179 253 2222 nem:
281 2179 348 2224 non
376 2160 457 2224 satis
480 2161 609 2244 putavit
631 2162 693 2226 iste
716 2161 799 2244 ipse,
829 2163 884 2245 qui
908 2160 1113 2244 expellerefi

164 2245 245 2310 lium
267 2246 414 2330 volebat,
438 2249 557 2330 [qua]si
577 2249 701 2333 aliquid
719 2249 773 2314 isti
792 2248 999 2313 credidisset:
1019 2248 1127 2320 infeliz

165 2332 331 2398 cissimam
348 2335 516 2418 nutricem,
538 2358 615 2400 nam
633 2336 726 2401 illam
745 2358 872 2420 quoque
892 2337 1013 2419 oderat,
1036 2337 1125 2402 omni

164 2422 367 2488 crudelitatis
392 2444 507 2508 genere
530 2423 694 2489 laceravit.
729 2425 893 2509 quaeritis,
917 2447 981 2509 qua
1004 2426 1124 2490 causa?
1144 2443 1177 2492 ac

163 2509 295 2596 scietis,
318 2533 391 2576 oum
414 2512 534 2577 iterum
556 2511 731 2597 torquebit.
775 2511 997 2598 fatigaverant
1018 2514 1125 2596 prima

162 2601 341 2685 tormenta,
367 2603 421 2667 sed
446 2601 482 2666 in
508 2622 587 2666 voce
610 2623 675 2666 una
698 2606 864 2665 manserat
887 2600 980 2666 fides:
1012 2623 1125 2685 expro-

162 2688 316 2755 braverat
333 2689 390 2756 isti
409 2690 601 2776 sanguinem
620 2712 723 2756 suum.
755 2693 924 2756 revocatus
944 2693 1126 2772 cattorum,

239 2851 255 2898 6
275 2845 328 2898 soit
348 2845 457 2916 0111118
476 2847 529 2901 ecit
547 2851 583 2914 Δ,
602 2864 632 2902 ve
651 2849 683 2902 ut
700 2852 730 2914 B,
749 2862 818 2902 cccv.
837 2845 896 2914 Ra·
916 2847 1000 2901 scivit
1019 2846 1073 2902 sa
1086 2847 1125 2915 tit

163 2915 260 2983 posset
277 2917 321 2985 1111
337 2921 370 2969 14
389 2917 479 2972 oderit
497 2920 541 2988 ΒΙΙ
557 2923 589 2972 lt
607 2918 669 2973 erat
681 2923 720 2972 Ba
734 2920 743 2990 ΙΙ
758 2924 791 2973 16
806 2919 881 2985 quod
895 2921 935 2970 Ab
949 2919 959 2988 ΙΙ
974 2923 1006 2972 iv
1026 2934 1126 2972 exere

157 2989 189 3038 ’Δ
200 2986 211 3054 ΙΙ
223 3001 312 3054 genus
331 3002 380 3042 om.
391 2992 415 3039 Δ
427 2989 437 3053 ΙΙ
451 2994 484 3042 18
504 3005 669 3058 quecunque
688 2990 738 3044 lite
752 2993 773 3042 B
788 2990 797 3059 ΙΙ
809 2989 866 3043 vile
883 2993 944 3053 AB,
963 3005 1033 3043 corr.
1055 2987 1127 3059 Obrtt

166 3061 202 3110 19
219 3071 248 3110 se
267 3057 337 3125 (au.)
356 3073 407 3112 cm.
425 3062 446 3111 B
461 3061 471 3129 ΙΙ
486 3064 599 3114 17-19
619 3058 787 3114 vilissimum
806 3061 824 3114 i.
844 3076 867 3114 c.
887 3075 912 3113 e.
931 3059 949 3113 i.
970 3076 997 3126 q.
1016 3058 1033 3111 l.
1052 3076 1080 3127 p.
1099 3076 1125 3112 v.

163 3129 184 3183 t.
204 3143 229 3181 a
249 3143 270 3182 s.
289 3145 317 3197 p.
336 3129 356 3182 t.
376 3145 401 3182 e.
422 3145 454 3183 se
470 3145 520 3184 om.
540 3133 581 3182 Aa
600 3131 611 3199 11
633 3135 667 3183 11
692 3132 784 3185 certor
802 3129 870 3183 deos
888 3131 982 3200 11111
1002 3143 1058 3182 non
1077 3145 1126 3184 om.

162 3199 275 3268 1111111
296 3199 376 3270 [qua]
396 3199 440 3255 Ro
459 3205 484 3254 et
502 3199 565 3268 Rip
585 3200 629 3254 sui
646 3204 712 3266 AB,
731 3216 800 3255 corr.
818 3199 872 3266 Ro,
889 3199 955 3253 huie
973 3198 1128 3270 0111115·

165 3267 317 3340 lacerant)
331 3273 341 3338 t
355 3275 390 3325 16
406 3271 513 3326 scietis:
533 3287 618 3326 anum
633 3273 714 3340 (tum)
728 3270 830 3325 iterum
843 3271 996 3338 torquebat
1008 3269 1063 3338 Ro,
1081 3271 1128 3327 ced

165 3340 200 3405 cf.
219 3343 284 3406 359,
302 3345 341 3395 23
355 3342 364 3411 i
377 3341 549 3412 fatigaverat
566 3343 641 3412 Ast
659 3348 692 3396 17
713 3343 743 3396 et
760 3345 824 3409 AB,
847 3357 917 3396 corr.
937 3340 982 3396 Ro
999 3342 1009 3411 ΙΙ
1026 3343 1128 3424 proba-

165 3411 246 3464 verat
264 3416 335 3465 auct.
355 3413 449 3468 insert.
469 3429 514 3484 ap.
533 3414 600 3480 Aer,
624 3413 854 3483 comprobaverat
872 3412 953 3482 Satn
974 3417 1008 3466 18
1026 3413 1127 3468 rstisB
