2640 3968
201 151 254 206 XII
572 150 789 206 PRAEFATIO.

270 301 408 362 Aliorum
435 302 570 362 codicum
598 302 824 377 deperdItorum
847 303 976 380 vestigia
999 304 1165 380 deprehen·

203 401 316 462 duntur
333 400 414 476 apud
432 390 498 457 XV¹
516 403 546 459 et
560 390 641 457 IIVIi
661 390 745 459 saec.i
763 399 843 460 viros
862 401 973 462 doctos.
1007 401 1049 461 Et
1066 401 1166 477 prima

202 497 323 574 quidem
341 497 449 556 barum
469 497 719 557 declamationum
733 497 844 557 mentio
863 497 983 558 videtur
1001 497 1164 558 aRudolfo

201 595 347 672 Agricola
360 587 567 674 (1443-85)
581 594 656 656 fieri.
689 593 781 653 Cuius
796 594 925 655 inlibris
940 597 977 655 de
991 595 1165 657 inventione

203 691 362 752 dialectiea
384 692 488 752 insunt
510 691 564 750 illa
583 689 639 770 Ill,
660 693 716 759 14:
739 687 826 772 „(neo
848 697 951 754 tamen
973 693 1047 754 adeo
1070 695 1166 754 vitan-

203 788 259 848 dus
283 791 355 849 ordo
377 791 487 867 rectus,
510 792 545 850 ut
570 787 727 849 credamus
750 809 810 849 non
833 790 985 850 interdum
1008 791 1167 851 ratiocina-

202 887 316 947 tionem
334 890 429 947 totam
449 879 687 968 proferendam‚)
711 888 791 964 quod
813 891 844 948 et
867 888 1069 958 Quintilianus
1093 889 1168 949 fecit

203 986 234 1043 iu
258 1003 294 1043 ea
316 984 532 1044 declamatione
556 1003 632 1061 quae
650 984 827 1044 inscribitur
846 979 1073 1063 ‘ignominiosus
1097 1005 1166 1046 con·

202 1086 251 1141 tra
279 1086 342 1141 tres
365 1075 560 1158 rogationes'.
606 1081 702 1158 Ergo,
729 1083 841 1160 inquit,
867 1085 893 1143 si
916 1085 947 1143 et
969 1085 1018 1142 lex
1040 1084 1167 1161 ignomi-

202 1180 321 1242 niosum
343 1179 410 1238 vult
434 1197 500 1238 esse
523 1197 600 1254 eum,
624 1179 746 1254 quitur
770 1181 986 1241 contradixerit
1008 1200 1062 1241 nec
1081 1185 1167 1242 tenu-

203 1277 274 1337 erIt:
303 1280 335 1337 et
361 1277 410 1335 hic
438 1274 618 1336 contradixit
643 1279 692 1336 ter
718 1295 773 1336 nec
800 1279 911 1352 tenuit,
934 1280 1083 1354 quomodo
1105 1299 1167 1339 non

203 1375 243 1433 sit
274 1373 490 1450 ignominiosus
525 1373 654 1434 inveniri
680 1374 814 1450 profecto
841 1395 901 1436 non
927 1375 1067 1452 poterit.“
1107 1377 1167 1436 De-

202 1476 342 1548 prompta
361 1471 436 1532 haec
454 1491 490 1532 ex
509 1472 582 1532 decl.
603 1473 677 1547 263,
700 1472 753 1532 ubi
774 1464 817 1554 (p.
834 1476 885 1550 75,
901 1467 1015 1554 3—6),
1044 1477 1167 1550 excepto

202 1570 255 1627 illo
285 1562 452 1646 ‘invenire',
479 1587 603 1645 prorsus
632 1571 736 1629 eadem
763 1569 857 1630 verba
884 1571 916 1631 in
943 1569 999 1630 BG
1026 1572 1167 1649 legimus,

203 1665 315 1725 similia
336 1667 368 1728 in
391 1666 427 1726 A.
474 1665 539 1735 Quo
562 1665 708 1743 efficitur,
732 1667 862 1726 secunda
884 1670 971 1743 parte
994 1661 1060 1726 xv*
1083 1662 1168 1731 sartae.i

203 1763 312 1824 librum
341 1762 604 1842 declamationum,
631 1761 687 1822 BG
715 1762 866 1822 codicibus
896 1765 1108 1846 propinquum,
1136 1768 1168 1826 in

203 1859 365 1920 Germania
388 1860 553 1923 delituisse.

157 1993 160 2002 ι
271 1957 330 2017 Sed
358 1958 471 2018 eisdem
498 1960 562 2018 fere
589 1957 776 2033 temporibus
804 1959 941 2017 ablatum
964 1978 980 2018 e
1005 1958 1168 2021 Germania

203 2056 333 2131 aliquem
364 2055 615 2116 declamationum
642 2055 755 2115 librum
783 2059 814 2115 et
841 2055 966 2115 missum
991 2057 1023 2115 in
1044 2057 1168 2118 Italiam

159 2223 162 2228 ¹
204 2172 271 2214 esse
290 2152 430 2212 docemur
448 2172 504 2228 per
520 2153 563 2213 Io.
577 2153 649 2213 Ant.
663 2151 859 2228 Campanum,
879 2153 981 2228 quiin
999 2150 1165 2238 epistola*)

203 2252 242 2310 ad
255 2249 305 2310 Fr.
319 2249 570 2326 Picaolominium,
590 2251 772 2310 cardinalem
792 2248 961 2322 Senensem,
981 2242 1047 2330 (qui
1060 2255 1168 2328 postea

222 2440 232 2446 ⁸
277 2447 304 2515 *)
325 2445 437 2500 Titulus
461 2445 597 2516 epistolae
621 2449 665 2501 est
688 2461 821 2503 censurae
839 2443 867 2499 in
889 2445 1055 2512 Quintiliani
1073 2447 1167 2503 decla-

204 2516 352 2572 mationes.
384 2516 502 2587 Legitur
520 2518 550 2571 in
568 2516 691 2572 editione
710 2517 855 2584 „omnium
870 2515 1006 2586 Campani
1023 2523 1167 2587 operum“‚

203 2587 306 2645 Venet.
335 2591 404 2642 149⁵
429 2588 555 2660 vulgata,
584 2589 633 2644 fol.
661 2587 751 2643 LXIII
778 2585 917 2657 vaslinV
939 2589 1007 2642 rect.
1030 2591 1115 2658 atque
1138 2589 1168 2644 in

203 2659 375 2715 editionibus
403 2660 585 2730 epistolarum
613 2659 761 2729 Campani3
799 2657 873 2712 uude
900 2656 930 2711 in
956 2656 1111 2713 Burmanni
1137 2663 1169 2716 et

203 2731 324 2785 aliorum
342 2731 480 2785 editiones
498 2733 612 2798 recepta
629 2733 682 2784 est.
697 2743 730 2768 -’-
747 2727 906 2782 Verisimile
921 2730 964 2783 est
977 2729 1070 2798 ipsum
1085 2729 1166 2785 Cam-

202 2818 317 2872 panum,
336 2803 396 2856 tum
415 2817 479 2854 cum
498 2816 592 2855 comes
611 2798 761 2854 cardinalis
780 2797 928 2867 Senensis,
947 2799 1036 2870 legati
1053 2802 1084 2856 in
1102 2818 1166 2857 con·

203 2875 319 2927 ventum
337 2870 451 2940 imperii
466 2870 626 2925 Germanici
644 2870 736 2936 missi,
753 2870 939 2924 Ratisbonam
957 2875 1074 2926 venerat
1091 2889 1165 2929 anno

205 2949 284 3009 1471,
302 2941 405 2998 librum
425 2940 576 3011 indagasse
590 2944 620 2995 et
633 2941 838 3022 deportandum
851 2943 929 2996 trane
944 2941 1030 3012 Alpes
1044 2960 1166 3002 curasse.

203 3014 307 3068 Multas
332 3013 407 3068 enim
431 3027 497 3066 eum
519 3011 549 3066 in
571 3010 624 3066 illo
641 3012 742 3068 itinere
760 3014 968 3083 perscrutatum
987 3030 1046 3068 esse
1064 3013 1167 3069 biblio-

204 3085 301 3140 thecas
315 3082 496 3138 Gennanicas
515 3097 549 3136 ex
568 3083 758 3154 compluribus
777 3083 836 3139 eius
851 3084 988 3154 epistolis,
1006 3084 1085 3139 velut
1098 3085 1167 3140 ulti-

202 3156 243 3210 mi
265 3155 332 3210 libri
353 3170 429 3209 nona
452 3153 491 3224 (iu
518 3169 575 3223 qua
597 3153 649 3209 illa
670 3155 767 3209 insunt
789 3170 910 3225 „magna
928 3155 1011 3224 copia
1030 3155 1166 3210 librorum

202 3225 457 3282 vetustissimorum
475 3225 506 3279 in
523 3227 586 3280 tota
600 3223 752 3281 Germania
769 3227 827 3280 est:
846 3228 947 3296 patent
965 3224 1059 3280 aditus
1078 3226 1167 3282 omni-

203 3297 267 3352 bus:
291 3295 393 3351 mirum
415 3295 445 3351 in
468 3297 583 3351 modum
601 3297 785 3352 observantur
803 3299 887 3366 etc.“)
906 3299 936 3352 et
954 3297 1026 3352 sexti
1044 3296 1111 3351 libri
1129 3298 1167 3353 ab

203 3368 305 3422 ultima
332 3366 419 3422 tertia
443 3367 484 3436 (in
507 3385 562 3436 qua
585 3368 718 3439 descripti
741 3386 759 3424 a
782 3383 811 3423 se
834 3368 864 3421 in
889 3367 1040 3423 Germania
1063 3367 1168 3423 codicis

204 3439 376 3494 mentionem
395 3437 476 3509 facIt)
496 3443 622 3509 apparet.
