2682 3956
257 153 322 219 396
622 149 849 216 QUINTILIANI

649 347 824 415 SERMO.

323 475 355 540 A
380 479 473 560 parte
502 474 613 540 divitis
641 475 731 540 color
757 473 814 538 ille
841 471 1005 538 introduci
1026 477 1149 560 potest,
1178 479 1216 540 ut
1334 505 1335 516 ¹

257 564 383 630 dicatur
404 584 528 649 pauper
550 563 608 628 ille
625 563 727 628 fuisse
745 562 900 627 factiosus
919 565 977 627 aut
991 563 1216 647 turbulentum

257 652 411 718 habuisse
437 651 625 717 huiusmodi
647 650 767 716 furoris
791 652 841 716 sui
864 650 1014 730 comites,
1041 651 1158 736 quibus
1180 652 1216 717 in

222 757 238 809 5
256 741 384 808 insidiis
398 740 567 825 dispositis
580 741 650 825 ipse
668 744 799 806 tantum
815 739 857 804 ad
870 739 1098 806 concitandam
1111 741 1216 806 rixam
1334 756 1335 766 ¹

258 852 293 896 se
316 828 510 912 ostenderet,
533 833 676 894 ceterum
693 828 770 894 illos
789 829 824 893 in
841 827 1003 913 praesidio
1021 827 1166 914 haberet,
1189 829 1217 894 si

258 917 336 1004 quid
367 917 453 983 forte
486 916 576 983 dives
609 917 789 982 moliretur.
821 953 864 964 —
898 915 945 981 nt
972 916 1036 983 hoc
1067 917 1140 1002 ipsa
1171 918 1218 982 rei

258 1006 406 1072 condicio
434 1010 608 1071 monstrat:
632 1028 705 1071 cum
736 1006 780 1071 sit
807 1005 1010 1088 incredibile,
1041 1027 1218 1091 pauperem
1334 1073 1335 1092 χ

260 1095 380 1177 solum,
426 1097 459 1159 et
494 1099 663 1179 praeterea
697 1097 793 1160 nocte
830 1095 871 1160 ad
907 1093 1088 1160 convicium
1124 1093 1219 1159 diviti

207 1203 241 1253 10
258 1182 443 1248 faciendum
465 1183 600 1249 venisse.
647 1205 746 1269 quare
769 1183 856 1248 enim
878 1183 930 1249 die
951 1184 1076 1249 tacuit?
1120 1203 1219 1268 quare

259 1272 294 1338 in
329 1271 400 1338 foro
437 1292 503 1338 non
538 1272 733 1338 maledixit?
788 1276 924 1358 apparet
958 1271 1050 1337 illum
1091 1275 1220 1337 noctem

260 1364 462 1447 expectasse,
498 1383 562 1448 quo
594 1360 722 1427 facilius
755 1363 889 1427 comites
922 1361 1143 1426 absconderet
1176 1398 1219 1408 —

259 1449 415 1517 Paratum
453 1470 530 1535 ergo
567 1450 608 1515 ad
639 1450 744 1516 rixam
777 1472 849 1516 cum
881 1451 948 1515 telo
980 1451 1116 1516 venisse.
1174 1449 1221 1514 di·
1334 1507 1335 1516 ,

213 1533 219 1544 ’
260 1539 361 1606 vitem
382 1538 467 1604 nihil
489 1539 554 1604 tale
574 1539 782 1624 suspicatum,
804 1540 910 1624 magis
933 1539 1076 1604 insanire
1094 1537 1219 1603 creden·

208 1645 241 1697 1⁶
260 1631 337 1711 tem,
367 1627 494 1693 dedisse
517 1627 573 1713 qui
596 1627 797 1694 deducerent.
843 1631 922 1692 tunc
943 1649 1020 1694 vero
1043 1649 1219 1712 pauperem
1334 1633 1335 1648 l

262 1716 356 1801 quasi
388 1715 536 1782 custodia
567 1717 791 1802 excanduisse3
823 1716 997 1782 accessisse
1030 1720 1063 1781 et
1094 1720 1219 1782 ceteros

262 1805 331 1870 eius
361 1803 516 1889 conscios,
545 1806 610 1892 qui,
638 1806 715 1871 dum
745 1805 870 1890 eripere
892 1826 1068 1891 pauperem
1090 1805 1221 1884 vellent,

261 1893 367 1959 rixam
403 1893 639 1960 concitaverint
675 1897 708 1959 et
743 1895 883 1960 fortasse
919 1894 1014 1983 illum
1046 1915 1223 1980 pauperem

263 1982 392 2048 silentio
416 1983 600 2069 occiderint,
624 2005 665 2048 ne
687 1987 802 2068 postea
825 1982 1076 2068 comprehensus
1098 2004 1223 2068 pauper
1334 2039 1335 2078 ἦ

209 2087 244 2139 2ο
263 2074 412 2138 auctores
443 2071 596 2138 facinoris
625 2075 796 2158 cogeretur
823 2070 929 2138 fateri.
975 2074 1008 2137 et
1034 2071 1097 2138 hoc
1124 2071 1223 2136 dubie
1334 2089 1335 2104 ¹

262 2160 446 2245 ponendum
476 2163 538 2247 est3
565 2182 647 2247 quae
670 2160 862 2226 constitutio
889 2161 925 2226 in
946 2161 1073 2245 reliqua
1095 2181 1224 2245 quoque

263 2269 379 2316 causae
406 2253 500 2334 parte
527 2248 685 2315 servanda
712 2252 771 2315 est
815 2247 899 2315 nihil
928 2248 1015 2315 enim
1041 2270 1102 2333 pro
1131 2252 1221 2314 certo

263 2337 434 2404 adfirmare
462 2337 628 2423 debemus,
657 2337 715 2402 sed
742 2341 872 2404 tantum
899 2337 1118 2422 suspicionem
1140 2336 1223 2403 iudi·

263 2448 336 2491 cum
360 2427 497 2492 anobis
521 2427 587 2493 alio
609 2431 823 2511 praevertere.
865 2447 942 2512 ergo
966 2426 1007 2491 ab
1031 2426 1096 2491 illis
1120 2425 1223 2491 videri

209 2530 244 2582 as
263 2514 384 2581 factam
412 2514 555 2601 caedem,
586 2515 641 2601 qui
671 2514 776 2581 adhuc
804 2515 961 2582 beneficio
988 2515 1148 2599 temporis
1175 2515 1225 2578 la·
1334 2533 1335 2584 l

263 2603 410 2688 te<a>nt:
442 2604 574 2670 divitem
605 2625 702 2688 super
734 2604 854 2670 damna
884 2603 1076 2689 patrimonii
1107 2605 1140 2667 et
1171 2605 1226 2668 tot

264 2713 431 2760 serrorum
455 2692 585 2758 caedem
607 2715 699 2759 reum
723 2715 801 2761 esse.

335 2867 541 2936 tepertetl
566 2864 1225 2940 31119022214εἱιιεωοᾶὶΔῃ<ἱη>οηι
1334 2903 1335 2928 i

263 2938 365 3008 nno
383 2938 431 3008 ipd
448 2937 575 3010 Butes]
593 2938 720 3008 stills
738 2939 828 2993 rixam
847 2938 963 2994 comites
982 2951 1012 2991 se
1031 2955 1095 2993 cum
1112 2937 1227 3006 nulls
1334 2939 1335 2994 l

263 3009 457 3078 susxxpitum
474 3014 515 3063 Aa
528 3011 538 3081 l}
553 3012 586 3064 1⁶
605 3009 756 3065 deduceret
773 3011 817 3078 ll}
833 3015 865 3064 16
885 3008 1109 3064 excanduisse
1127 3007 1174 3075 Al
1190 3013 1224 3062 1⁷

264 3098 328 3136 oum
345 3080 510 3150 alveusne
526 3097 578 3136 om.
595 3083 640 3152 Bu
654 3087 688 3138 20
707 3081 849 3136 auctorem
863 3084 884 3133 B
897 3081 908 3150 l
921 3085 955 3134 22
974 3078 1048 3134 enim
1066 3094 1115 3134 om.
1129 3081 1151 3130 B
1165 3079 1175 3148 fl
1189 3084 1227 3133 23

263 3153 314 3208 tm
323 3156 358 3219 B,
376 3154 473 3207 tamen
490 3157 510 3204 1²
537 3154 547 3222 u
574 3151 791 3222 suspicationem
810 3153 931 3221 221124
952 3149 1150 3220 prevertere
1178 3153 1202 3201 Δ
1218 3150 1228 3221 ῃ

260 3227 370 3288 ‚tc—26
387 3221 537 3298 late<a>nt
554 3221 599 3279 Ro
616 3228 641 3278 et
658 3221 698 3278 Bi
711 3224 721 3293 l
735 3229 768 3278 27
787 3221 880 3278 caedis
898 3239 920 3279 r.
940 3237 964 3278 e.
983 3220 1038 3277 Sole
