2640 3968
385 178 507 235 TITULI
526 177 859 236 DECLAMATIONUII.
1009 179 1101 236 XXXI

137 321 293 378 CCCXXV.
313 319 464 377 Herediias
481 321 549 378 fidei
567 321 723 376 commissa.

137 391 306 449 CCCXXVI.
324 391 426 462 Legati
444 391 519 446 filius
537 391 654 447 victima
671 389 861 462 pestilentiae.

136 463 319 520 CCCXXVII.
340 462 450 518 Sterilis
468 463 555 518 trium
572 478 699 518 noverca.

137 534 335 592 CCCXXVIII
355 532 503 590 Discordes
521 533 629 589 frutreu

138 605 306 662 CCCXXIX.
326 607 361 662 Se
381 606 477 662 ultura
493 605 616 676 tyranni,
634 602 684 674 qui
702 620 732 659 se
750 603 863 661 occidit

137 675 292 732 CCCXXX.
312 676 337 731 A
378 675 384 687 '
403 676 491 732 andus
509 675 558 747 qui
575 675 629 732 elit
647 675 805 732 adulteram
823 677 950 732 matrem

137 747 305 804 CCCXXXL
322 747 372 802 Bis
391 749 540 802 &innatus
558 745 732 815 iniuriarum,
750 747 834 804 tertio
853 747 1006 804 absolutus.

138 818 319 875 CCCXXXII.
339 816 443 873 Divitis
462 820 491 874 et
507 817 639 888 pauperie
656 818 834 874 testamenta.

138 888 332 946 CCCXXXIII.
351 889 412 945 Pau
433 905 464 944 er
480 887 613 958 impensis
632 887 729 944 divitie
747 887 876 944 disertus.

138 960 332 1017 CCCXXXIII.
350 907 506 1016 Procliroris
525 961 670 1016 accnmtor
687 976 721 1016 ex
740 959 893 1016 deieusore.

138 1031 317 1089 CCCXXXV.
335 1029 451 1087 Infamia
469 1029 499 1086 in
516 1046 666 1086 novercam
683 1031 854 1086 vulneratus.

138 1102 331 1160 CCCXXXVL
350 1103 426 1172 Ager
445 1101 600 1158 communis
617 1103 647 1158 et
664 1117 754 1157 novae
771 1102 894 1160 tabulae.

138 1172 346 1230 CCCXXXVII.
365 1172 472 1230 ercino
490 1173 589 1256 populi
606 1175 636 1228 et
653 1173 802 1232 exercitus.

138 1244 357 1301 CCCXXXVIII.
376 1243 423 1299 Lis
442 1245 477 1299 de
495 1245 555 1300 filio
575 1260 590 1298 e
646 1243 740 1300 sitorie
758 1246 788 1298 et
805 1243 977 1314 repudiatae.

139 1314 331 1371 CCCXXXIX.
351 1315 475 1386 Rogatio
492 1315 580 1370 Deme
627 1314 694 1371 enin.

139 1385 262 1442 CCCXL.
282 1386 415 1443 Novitius
434 1386 635 1455 praetextatus.

139 1455 275 1514 CCCXLL
293 1458 350 1512 Res
367 1457 475 1512 furtiva
491 1457 530 1512 im
566 1457 659 1512 oiessa
675 1458 752 1526 apud
769 1456 943 1526 publicanos.

140 1527 291 1586 oocxun.
309 1528 424 1583 Ancilla
441 1476 678 1598 in'erctipirrtse
696 1527 809 1654 nudptias
827 1527 920 1583 missa.

139 1597 303 1655 CCCXLIII.
323 1598 552 1669 circumscriptor
569 1597 708 1668 pauperis,
747 1597 825 1654 iritis
841 1599 962 1668 raptoris
981 1615 1067 1656 socer.

139 1669 301 1725 CCCXLIV.
321 1671 480 1740 Redempta
497 1669 629 1725 meretrix
649 1686 666 1723 a
685 1667 773 1726 divite
790 1670 923 1740 pauperie
940 1671 1008 1727 filio.

139 1740 290 1797 CCCXLV.
308 1740 419 1812 Pauper
436 1741 473 1795 ad
490 1739 709 1810 tyrannicidium
727 1741 855 1796 mercede
874 1742 1036 1798 conductus.

139 1811 303 1867 CCCXLVI.
322 1811 412 1868 Tutor
428 1811 486 1882 filii,
498 1811 542 1866 sui
559 1810 589 1865 in
607 1811 788 1881 adoptionem
807 1811 875 1868 dati.

138 1881 316 1938 CCCXLVII.
335 1882 460 1938 Abeeute
478 1883 580 1937 marito
599 1899 694 1938 rumor
712 1883 742 1936 et
758 1883 882 1953 nuptiae.

139 1953 329 2009 CCCXLVIII.
349 1955 418 2008 Cum
432 1953 626 2036 proditoribus
644 1968 738 2008 carcer
755 1953 894 2010 incensus.

139 2023 303 2080 CCCXLIX
322 2025 455 2096 Raptons
473 2027 562 2094 pater,
581 2024 738 2080 dementiae
755 2042 825 2082 reue.

140 2094 238 2151 CCCL.
256 2096 339 2165 Aqua
356 2095 462 2166 frigida
479 2095 610 2166 privigno
629 2095 703 2149 duta.

139 2166 253 2221 CCCLI.
271 2167 344 2222 Exul
361 2165 447 2221 index
463 2165 626 2236 tyrannidis.

140 2236 261 2292 CCCLII.
276 2237 351 2293 Reus
357 2237 522 2308 tyrannidis,
528 2236 577 2306 qui
586 2235 754 2292 deliberavit
762 2236 854 2293 vIctor
863 2254 941 2292 arma
950 2239 1097 2306 deponere.

139 2306 278 2366 CCCLIII.
296 2309 510 2379 Dispensatores
528 2305 606 2363 torti.

142 2378 281 2435 CCCLIV.
299 2379 436 2435 Morietur
452 2381 605 2448 autequam
622 2378 719 2434 nubet.

142 2449 266 2505 CCCLV.
287 2451 375 2506 Tutor
392 2449 527 2506 lenocinii
544 2466 616 2506 reus.

139 2519 276 2576 CCCLVI.
295 2521 384 2576 I'iliue
400 2537 451 2589 pro
470 2520 617 2575 meretrice
635 2520 725 2590 patrie
744 2537 823 2574 suam
841 2519 990 2575 redimens.

140 2591 289 2647 CCCLVII.
307 2591 385 2648 Uxor
402 2609 460 2647 uon
477 2590 637 2659 relinquens
656 2592 692 2645 ob
711 2591 881 2644 adulterium
900 2593 1044 2646 caecatum

139 2660 303 2718 CCCLVIII.
322 2662 458 2732 Exposita
476 2660 613 2732 pulsatori
631 2663 795 2731 amputatae
813 2677 920 2716 manus,

139 2732 278 2790 CCCLlX.
297 2733 344 2788 Lis
362 2733 506 2803 publicani
525 2733 559 2788 de
577 2732 737 2789 unionibus:

139 2801 263 2859 CCCLX.
283 2805 329 2859 Lis
348 2806 383 2860 de
402 2804 516 2860 dotibus
534 2819 630 2858 socrus
647 2805 678 2858 et
695 2821 788 2859 nurus.

140 2873 277 2932 CCCLXI.
297 2875 425 2945 Depositi
442 2875 519 2945 rapti
536 2874 733 2944 quadruplum.

139 2945 290 3002 CCCLXII.
308 2945 433 3001 Invicem
451 2947 609 3016 pulsatores
626 2948 747 3028 patrum.

139 3015 300 3072 CCCLXIII.
319 3016 476 3086 Vestiplica
492 3034 544 3087 pro
562 3017 684 3071 domme.

139 3086 303 3144 CCCLXIV.
323 3087 501 3144 conviciator
517 3105 574 3158 pau
595 3104 625 3143 er
642 3087 758 3144 occisus.

138 3157 290 3215 CCCLXV.
310 3159 351 3213 De
369 3159 398 3214 vi
417 3162 525 3228 septem
543 3157 573 3213 iu
595 3159 657 3214 'ces

138 3227 302 3285 CCCLXVI.
321 3231 445 3300 Legatus
463 3229 536 3283 filius
554 3227 706 3299 proditorie
725 3223 842 3284 occisus.

138 3299 315 3357 CCCLXVII.
334 3299 482 3356 Luxuriosi
499 3303 582 3370 pater
599 3299 689 3355 sortis.

138 3370 328 3427 CCCXXVIII.
347 3372 433 3426 Alens
450 3372 560 3441 patrem
578 3371 661 3441 rapta
678 3368 820 3424 abdicata.

139 3441 300 3500 CCCLXIX.
321 3442 412 3496 Armis
430 3441 572 3512 sepulchri
590 3443 687 3497 victor.
