2682 3956
364 142 683 200 Ducacufflouas.
703 141 865 200 OOOXLIII.
1036 145 1103 212 355

141 329 224 391 esee,
255 309 293 372 ut
319 305 388 372 filia
413 309 471 372 tua
497 310 674 390 raperetur.
724 305 786 372 boc
819 307 935 392 quibus
964 308 1105 394 colligo?

139 396 249 482 rapuit
279 417 350 462 eam
383 396 438 480 qui
464 415 529 460 non
557 395 698 460 amabat.
742 396 874 478 petierit
905 397 1104 463 animaene:

12 495 13 500 ’
139 507 208 550 non
231 483 380 568 redemit3
405 484 465 548 sub
489 483 676 550 condicione
699 484 761 549 bac
784 504 850 549 non
870 485 1021 568 redemit3
1045 507 1102 550 cur

141 573 264 639 diutius
283 571 415 638 moror?
442 595 497 637 -ε
519 572 601 637 mihi
619 572 725 638 cessit.
757 594 825 638 non
844 576 894 638 eet
913 593 1000 659 ergo,
1019 574 1105 658 quod

140 662 235 728 illum
264 660 443 744 cupiditate
471 661 635 744 inpulsum
662 665 770 745 putea:
801 683 909 727 carere
932 662 991 727 illa
1012 665 1139 747 pote-c

140 753 203 816 rat.
249 749 368 834 adicio,
395 771 461 814 non
482 749 583 816 iuiere
607 749 699 814 illum
722 753 906 834 rapturum,
928 751 993 815 nisi
1017 771 1105 816 secu·

141 860 223 905 rum.
269 838 353 903 nibil
384 838 501 924 loquor
532 838 572 902 de
605 839 714 921 patria
741 839 928 924 severitate,
955 839 1038 904 nihil
1065 839 1106 904 de

140 928 223 1014 lege,
246 948 329 1012 quae
351 948 412 1010 pro
435 926 591 1010 pudicitia
614 927 767 1012 minatur,
792 949 873 1012 quae
897 931 1035 994 mortem
1054 927 1105 993 de·

140 1016 280 1082 nuntiat
339 1015 395 1080 ille
434 1015 597 1100 rapuisset
627 1016 770 1099 puellam
807 1016 864 1080 alii
900 1016 1105 1100 destinatam,

142 1105 200 1172 elii
222 1107 363 1188 pactam,
385 1103 450 1169 nisi
467 1103 586 1170 fiducia
604 1103 676 1169 tui?
699 1125 765 1170 non
785 1108 835 1170 eet
854 1105 1015 1171 credibile.
1043 1104 1105 1172 Sed
1125 1123 1158 1172 ιο

139 1216 181 1259 ne
211 1193 295 1259 illud
317 1191 447 1278 quidem
471 1192 624 1258 credibile
647 1198 710 1276 eet,
736 1193 837 1258 filiam
859 1195 990 1278 nuptiea
1014 1197 1106 1279 opta·

140 1285 248 1350 turam
279 1280 393 1366 fuisse,
425 1281 489 1347 nisi
521 1285 555 1345 te
587 1281 724 1347 volente.
769 1282 917 1366 primum,
951 1283 1038 1368 quod
1070 1283 1105 1348 in

139 1372 231 1436 nulla
252 1370 378 1456 virgine
401 1373 530 1435 tantum
554 1369 717 1454 audaciae,
740 1374 869 1436 tantum
889 1370 1105 1436 confidentiae

141 1463 204 1544 eat,
231 1462 268 1524 ut
298 1458 383 1542 apud
407 1459 638 1544 magistratum
662 1463 695 1523 et
718 1459 757 1523 de
780 1479 815 1523 re
839 1480 966 1524 summa
988 1459 1106 1524 audeat

144 1553 258 1632 optare
282 1548 466 1613 inconeulto
489 1550 596 1631 patre,
621 1551 654 1612 et
672 1547 729 1613 illa
748 1547 859 1632 utique
877 1568 944 1612 non
961 1546 1105 1612 fecisset:
1127 1563 1158 1614 15

143 1637 202 1718 [et]
227 1657 379 1702 noveram
402 1635 544 1720 puellam
566 1639 600 1700 et
617 1636 750 1720 propius
769 1637 802 1702 in
821 1637 936 1702 itinere
955 1636 1105 1722 cognovi.

142 1725 246 1808 edice,
276 1723 361 1808 quod
389 1745 566 1809 numquam
593 1728 663 1790 tam
689 1726 822 1810 ingrata
847 1724 965 1790 fuisset
987 1724 1106 1809 puella,

141 1818 179 1879 ut
201 1811 332 1898 nuptias
356 1817 485 1897 optaret
508 1813 590 1894 eius,
614 1835 634 1878 a
656 1833 720 1897 quo
742 1835 809 1880 non
832 1815 903 1878 erat
924 1813 1105 1897 redempta,

142 1902 339 1986 relinqueret
362 1903 444 1986 eius,
475 1902 526 1967 cui
555 1901 694 1967 debebat
717 1901 917 1986 libertatem,
945 1902 996 1968 cui
1020 1902 1105 1968 ralu-

142 1993 218 2057 tem.
250 1990 312 2056 huc
335 1991 424 2058 adice
445 1991 657 2074 praeter<ea>
681 1991 772 2056 illum
796 1990 933 2056 iniuriae
951 1991 1106 2075 dolorem,
1124 2005 1159 2056 ao

141 2101 215 2144 cum
242 2079 275 2144 id
303 2099 459 2163 perpessa
482 2083 569 2144 esset
592 2079 624 2142 in
650 2079 795 2163 civitate,
823 2078 908 2164 quod
931 2100 997 2144 non
1020 2080 1105 2144 inter

142 2168 296 2249 latrones,
318 2187 386 2232 non
408 2167 493 2232 inter
516 2166 674 2232 barbaros
693 2167 782 2232 illos:
805 2188 868 2233 non
889 2171 940 2231 est
958 2165 1010 2252 (ut
1023 2166 1104 2249 dixi)

143 2253 305 2336 credibile,
333 2259 370 2318 ut
399 2257 457 2319 aut
479 2255 626 2338 rapuerit
648 2256 702 2320 ille
727 2255 796 2320 eine
819 2255 938 2320 fiducia
960 2255 1022 2339 tui,
1049 2254 1106 2339 qui

141 2363 208 2406 non
235 2341 381 2425 amabat,
413 2341 470 2426 qui
497 2342 674 2426 plurimum
706 2343 821 2407 timere
849 2343 1016 2428 debuerat,
1049 2347 1106 2408 aut

141 2429 222 2496 baec
250 2429 414 2514 optaverit
442 2428 512 2494 aine
543 2431 738 2495 auctoritate
762 2435 832 2514 tua,
864 2436 898 2497 et
920 2431 1041 2515 puella,
1073 2435 1106 2496 ct
1123 2447 1158 2496 aa

142 2522 257 2586 contra
280 2539 368 2603 eum,
396 2517 452 2603 qui
475 2517 514 2582 de
537 2517 596 2582 illa
619 2519 742 2601 optime
765 2520 963 2602 merebatur,
991 2523 1023 2584 et
1046 2539 1104 2602 pro

141 2611 398 2765 ldlmlnlllull
417 2609 769 2763 fliildddmnlilriibrallnli
787 2611 900 2780 {epipi-
917 2609 1105 2779 apepdalidllnd

141 2789 175 2850 te
199 2784 461 2868 circumscriptus
486 2805 566 2850 sum.

208 2872 278 2938 Iam
305 2873 452 2938 venimus
483 2873 524 2939 ad
553 2873 646 2938 illam
674 2873 805 2940 tertiam
834 2875 960 2957 pertem
989 2894 1103 2938 causac
1122 2889 1157 2938 ao

141 2963 283 3043 nostrae,
309 2961 343 3028 iu
367 2983 431 3045 qua
454 2962 623 3027 ostendam
647 2961 754 3046 vobis,
787 2982 884 3046 quum
908 2962 1017 3046 inique
1042 2961 1104 3025 einr

213 3134 324 3200 aerim
341 3150 391 3190 cm.
410 3133 1105 3258 AllotuanultinccneulAp16*Rpt]ll

143 3206 273 3276 propriae
290 3209 312 3258 B
326 3205 335 3274 l
351 3210 455 3261 18-19
474 3219 492 3258 a
510 3219 566 3273 quc
583 3222 611 3261 n.
627 3220 650 3259 e.
664 3223 686 3260 r.
700 3223 722 3260 r.
742 3205 802 3260 elue
821 3221 863 3260 cm
889 3207 934 3276 Bi
950 3211 981 3260 19
1001 3204 1035 3260 de
1057 3207 1105 3259 eat

141 3277 204 3345 ΔιΙ
223 3282 255 3328 Ν
275 3281 299 3329 Δ
312 3277 322 3346 ΙΙ
335 3282 371 3332 20
389 3276 444 3330 hcc
463 3274 527 3330 dico
545 3277 657 3344 praeter
674 3279 740 3343 Aa,
759 3291 828 3330 corr.
848 3275 961 3346 Bouill
982 3292 1041 3332 esee
1059 3275 1105 3348 ”ll

142 3351 176 3400 aa
195 3349 238 3402 ec
255 3363 305 3404 om.
324 3350 345 3399 a
368 3347 379 3418 p
400 3351 433 3401 aa
453 3349 504 3402 tue
522 3349 583 3413 aa,
603 3361 672 3402 corr.
692 3346 733 3402 Gr
755 3345 764 3415 u
788 3350 824 3400 aa
842 3346 902 3418 qui]
922 3363 977 3403 nou
995 3351 1016 3402 a
1037 3349 1047 3417 u
1068 3351 1102 3401 aa

143 3417 255 3486 puellae
272 3421 294 3470 B
316 3418 325 3487 l
348 3421 382 3472 28
404 3433 465 3472 esee
488 3415 529 3472 (ir
543 3419 552 3487 l
566 3423 600 3472 80
618 3417 728 3488 partem
747 3419 827 3473 actae
847 3434 946 3474 caueae
965 3437 991 3473 n.
1011 3423 1031 3470 Ρ

886 3507 942 3562 23*
