2692 3960
373 142 689 200 DECLAMATIONES.
710 143 900 201 CCCXXXVI.
1054 145 1118 210 323

161 311 197 372 ut
232 304 269 370 tu
306 327 361 370 aes
398 306 538 371 alienum
555 305 674 390 ,patris
712 305 871 390 solveres,
907 328 1021 393 cogere
1058 328 1118 392 ego

158 398 324 460 tumente
351 415 418 459 non
444 398 605 478 poteram:
638 417 702 459 una
726 393 846 460 solutio
870 400 940 460 erat
962 397 1051 480 pacti
1073 398 1120 462 in·

158 488 296 548 ternos
323 481 416 566 facti,
448 488 485 548 ut
512 506 623 548 rursus
653 484 763 548 omnia
791 484 975 548 communia
1003 489 1120 567 essent,

157 573 278 655 idest,
306 575 399 637 utet
427 590 542 655 agrum
570 572 809 654 possideremus
837 575 870 636 et
898 595 953 638 aes
977 571 1119 638 alionum

159 661 222 724 duo
247 660 455 725 solveremus.
505 680 583 744 ergo
606 661 770 745 convenit,
802 665 840 725 ut
867 681 946 746 agar
968 665 1043 726 tuus
1072 662 1154 726 itas

159 753 258 831 esset,
286 748 315 812 si
343 770 398 814 aes
426 748 568 814 alionum
597 749 752 814 solveres:
784 770 851 814 non
875 750 1010 815 solvisti.
1056 771 1119 835 quo

157 837 227 902 iure
254 836 417 902 vindicare
444 841 538 923 potes
567 859 639 902 eam
665 860 747 922 rem,
775 839 865 902 cuius
888 839 1030 922 pretium
1053 860 1119 903 non

158 925 297 990 dedisti?
332 924 439 1010 „ldeo,
462 926 578 1010 inquit,
601 947 667 991 non
690 927 772 992 solvi
794 948 848 992 aes
867 927 1019 1010 alienum,
1043 927 1119 1010 quia

157 1035 259 1079 novae
287 1014 418 1078 tabulae
445 1013 717 1079 intervenerunt.“
762 1014 923 1099 Equidem
951 1017 1118 1101 querebar,

157 1101 242 1186 quod
265 1124 331 1168 non
354 1102 494 1167 solvisti:
520 1107 663 1168 ceterum
685 1103 769 1168 nihil
792 1126 864 1169 mea
886 1105 1032 1186 interest,
1055 1120 1171 1189 qualo

158 1213 255 1256 causa
273 1212 340 1256 non
369 1191 518 1274 solveris,
542 1213 614 1256 oum
639 1212 754 1276 agrum
777 1192 824 1258 ita
847 1192 975 1258 demum
998 1193 1118 1258 habere

156 1280 363 1364 potueriasi
387 1280 550 1346 solvisses.
587 1281 655 1346 sire
678 1279 768 1346 istud
789 1284 847 1346 tua
865 1282 1036 1348 voluntate
1054 1280 1119 1346 fac·

156 1371 227 1433 tum
251 1372 301 1433 est
325 1368 391 1433 sive
414 1369 614 1433 liberalitate
637 1369 833 1434 creditorum
856 1370 924 1434 sive
945 1366 998 1456 (ut
1016 1370 1118 1433 mani-

155 1455 276 1522 festum
300 1455 365 1543 est)
384 1458 517 1541 publica
535 1457 740 1541 necessitate,
761 1479 828 1522 non
846 1459 982 1524 solvisti.
1013 1457 1118 1534 Quid?
1176 1516 1178 1520 ,

157 1545 184 1609 si
213 1545 274 1610 hae
297 1546 429 1612 tabulae
451 1568 555 1612 novae
578 1550 647 1611 tam
670 1546 752 1611 mihi
774 1544 879 1612 factae
903 1551 992 1626 sunt,
1020 1569 1117 1632 quam
1137 1561 1171 1610 lt

155 1633 239 1698 tibi?
279 1655 356 1698 nam
388 1634 439 1718 (ut
474 1636 573 1719 paulo
611 1638 686 1700 ante
720 1634 881 1722 dicebam)
914 1657 1118 1701 communem

157 1743 273 1806 agrum
292 1726 420 1788 constat
437 1723 548 1788 fuisse.
576 1727 800 1807 paternoster
819 1728 1026 1790 contraxerat
1044 1747 1118 1790 cum

155 1810 281 1876 multis:
311 1833 377 1876 non
400 1812 564 1878 erubesco.
608 1834 675 1878 non
696 1814 902 1878 retinendum
925 1834 1040 1899 agrum
1062 1813 1118 1878 ha·

155 1898 321 1985 bebamus.
343 1899 600 1986 habe<bamu>s:
613 1923 754 1986 namque
773 1922 834 1986 ego
852 1902 914 1967 hoc
932 1903 1014 1987 ipso,
1032 1900 1119 1986 quod

154 1988 216 2052 tibi
244 1987 339 2073 cessi,
366 1988 533 2054 dominum
564 1991 625 2074 egi.
671 1990 774 2076 igitur
798 2013 872 2056 cum
895 2013 1039 2056 essemus
1062 1990 1116 2057 he
1135 2006 1169 2055 2ο

153 2076 245 2141 redes
269 2077 371 2161 patris
395 2079 510 2162 nostri,
534 2079 701 2144 debuimus
726 2079 830 2145 ambo.
867 2079 900 2144 id
921 2081 967 2144 sic
986 2080 1117 2165 colligo.

153 2164 241 2247 finge
264 2185 335 2228 esse
359 2165 501 2250 aliquem
525 2188 563 2230 ex
582 2167 795 2233 creditoribus
814 2168 1002 2250 petitorem:
1026 2189 1117 2232 num·

155 2252 233 2335 quid
255 2255 364 2334 petere
389 2275 408 2316 a
435 2257 468 2318 te
486 2257 591 2318 totam
619 2277 778 2320 summam
806 2258 937 2340 potest?
975 2255 1117 2338 minime,

153 2342 191 2404 ut
223 2341 346 2423 opinor.
393 2339 474 2406 duos
503 2343 590 2407 enim
619 2346 713 2426 pater
735 2350 847 2408 noster
868 2344 952 2410 filios
975 2343 1117 2428 reliquit,

154 2433 187 2493 et
214 2449 346 2494 necesse
375 2433 437 2508 est,
466 2429 550 2494 sicut
577 2431 675 2513 bona,
702 2432 751 2495 ita
774 2453 872 2497 onera
895 2454 1022 2517 quoque
1047 2453 1116 2497 esse
1135 2446 1170 2496 25

153 2518 344 2582 communia.
390 2521 517 2602 partem
546 2538 623 2603 ergo
639 2523 683 2592 ,tu
706 2520 859 2604 debuisti,
886 2524 1014 2604 partem
1041 2541 1116 2604 eg03

153 2626 216 2689 quo
241 2606 451 2692 efficiebatur,
474 2611 512 2672 ut
533 2612 660 2691 partem
684 2606 835 2674 solveres.
872 2608 1030 2673 faciamus
1053 2607 1116 2673 hoc

151 2693 365 2761 manifestius.
422 2697 509 2782 finge
543 2716 613 2761 esse
646 2696 788 2781 aliquem
821 2717 860 2760 ex
892 2696 1115 2780 creditoribus,

153 2783 208 2866 qui
231 2787 358 2867 partem
377 2785 493 2850 crediti
512 2785 562 2850 sui
581 2808 600 2849 a
624 2807 676 2850 me
694 2789 800 2869 petat:
823 2785 900 2870 quid
918 2785 1114 2869 respondere

150 2872 306 2956 possum?
335 2892 472 2957 »agrum
494 2873 590 2938 fratri
614 2873 699 2959 dedi,
724 2896 797 2939 cum
820 2875 921 2939 fratre
944 2896 1016 2940 meo
1041 2895 1114 2940 con·
1133 2890 1168 2938 30

151 2960 241 3026 venit
259 2960 349 3044 mihi,
368 2965 404 3025 ut
422 2962 477 3026 ille
497 2963 667 3028 solveret«.
704 2986 782 3028 num
801 2963 935 3029 dubium
953 2968 1013 3047 est,
1037 2963 1115 3048 quin

224 3212 237 3260 1
258 3205 333 3274 patri
352 3205 468 3261 solveris
487 3211 538 3259 ΔΒ
563 3207 572 3275 ΙΙ
595 3213 611 3260 2
639 3209 668 3261 te
686 3212 820 3262 tamenn
843 3210 852 3278 ss
876 3214 891 3262 7
911 3225 938 3276 p.
958 3206 1038 3260 illum
1056 3222 1114 3260 rem

150 3277 189 3329 Ea
202 3279 211 3346 ΙΙ
230 3282 245 3330 9
265 3281 294 3332 et
313 3277 427 3345 quidam
445 3281 556 3346 Δ11111
576 3277 744 3346 1120211111
764 3284 796 3332 19
815 3279 998 3332 habebamus.
1018 3277 1115 3345 habes,

151 3363 272 3415 namque
291 3350 349 3405 edd.
369 3365 418 3404 sec.
437 3353 500 3418 AB,
518 3365 588 3404 corr.
599 3348 658 3413 Ra·
678 3349 860 3416 habebamus,
879 3349 961 3403 ambo
982 3349 1113 3404 heredes:

150 3435 176 3472 n.
187 3418 244 3472 Aer
257 3420 266 3488 ΙΙ
280 3423 314 3473 26
333 3422 365 3473 tu
380 3420 406 3473 d.
420 3437 447 3488 p.
463 3436 516 3490 ego
535 3436 585 3476 orn.
600 3425 641 3472 Aa
654 3422 663 3490 ΙΙ
678 3425 711 3474 27
731 3420 873 3476 efficiebar
892 3422 935 3490 ΒΙΙ
950 3426 984 3475 30
1000 3419 1080 3475 dedit
1093 3423 1113 3471 11

896 3508 953 3564 21*
