2670 3962
235 131 302 196 220
445 83 447 88 ·
602 129 834 195 QUINTILIANI

235 292 398 376 versariis,
421 314 477 357 our
499 293 550 358 bis
570 293 760 358 damnatum
777 292 926 358 adulterii
945 292 1198 377 ignominiosum

236 403 307 447 esse
334 381 521 447 voluerint?
556 385 593 446 ut
620 381 751 464 opinor,
784 381 922 464 iudices,
950 382 1104 465 quoniam
1131 405 1199 448 una

235 470 401 535 damnatio
433 469 577 534 habebat
609 470 709 534 aliam
738 473 771 534 eb
798 492 890 534 suam
913 475 1065 556 poenam,
1098 473 1198 556 gemi-

235 560 326 626 natio
355 559 501 626 criminis
525 558 683 627 afferebat
705 558 932 643 ignominiam
958 581 1064 646 neque
1087 560 1199 632 imme-

201 663 217 712 b
236 647 309 713 ribo.
338 648 437 717 semel
452 647 536 714 enim
553 669 661 731 errare
677 669 757 712 sane
773 646 944 726 tolerabile
958 647 1016 714 sit:
1034 649 1068 713 in
1088 650 1200 715 eadem

235 758 311 801 vero
330 737 478 819 recidere,
495 758 536 801 ne
555 736 762 802 damnatione
776 736 906 821 quidem
923 737 1094 823 compesci,
1112 739 1200 805 ultra

238 824 348 890 omnia
374 824 551 890 videbatur.
594 824 680 894 ,nihil
705 847 782 911 ergo
805 825 905 890 verba
928 826 1066 911 faciunt,
1092 829 1199 894 sivo·

236 913 345 978 luntas
368 913 451 996 legis
476 913 603 978 diversa
626 917 725 999 atque
744 915 910 980 contraria
928 917 987 979 esi.
1021 919 1200 988 edentem

237 1001 378 1085 diversa,
404 1004 441 1065 ub
469 1004 614 1086 apparet.
655 1003 763 1086 Abque
786 1023 863 1088 ego,
890 1003 919 1068 si
942 1003 1134 1070 descendere
1158 1004 1200 1070 ad

184 1105 217 1153 10
236 1088 299 1156 hoo
318 1109 420 1174 genus
437 1092 600 1155 actionum
614 1091 741 1173 vellem,
756 1091 796 1156 ad
811 1091 897 1176 quod
913 1112 966 1157 me
980 1115 1057 1179 pars
1071 1093 1200 1158 diversa

238 1178 374 1262 deducit,
397 1200 526 1262 possem
546 1177 746 1263 contendere,
764 1181 831 1244 vim
850 1181 986 1246 dnorum
1004 1181 1198 1248 iudiciorum

236 1267 273 1332 in
299 1267 352 1332 his
379 1289 446 1332 non
474 1289 553 1332 esse.
595 1268 720 1352 quare?
755 1269 911 1353 quoniam
937 1271 989 1334 lex
1012 1271 1079 1336 wiri
1102 1270 1198 1336 fortis

237 1357 426 1439 inbervenii,
451 1360 483 1422 ei
512 1356 693 1441 praemium
716 1379 787 1422 eam
810 1358 876 1423 vim
894 1359 1030 1442 diaboii,
1056 1363 1094 1424 ut
1115 1359 1199 1424 iudi-

237 1445 323 1510 oinm
350 1445 439 1528 prius
468 1446 646 1511 tolleretur.
691 1447 802 1530 itaquo
829 1448 959 1512 etiamsi
985 1447 1077 1532 prius
1101 1448 1198 1532 <bis>

183 1546 217 1597 15
237 1533 407 1600 damnatus
439 1538 472 1599 et
498 1538 631 1619 propter
658 1536 731 1600 hoo·
749 1536 826 1616 [bie]
856 1535 1038 1621 ignominia
1064 1540 1198 1602 notatus

236 1621 364 1687 foi-iiber
396 1623 528 1688 fecisseb
560 1627 593 1688 et
628 1623 764 1708 praemii
795 1625 924 1688 nomine
957 1625 1199 1690 restibutionem

237 1710 427 1795 quaesisset,
445 1711 527 1776 nihil
545 1735 587 1777 ne
606 1711 669 1777 duo
690 1711 818 1795 quidem
832 1733 910 1777 vera
926 1713 1063 1778 erimina
1076 1713 1199 1780 valuis-

237 1803 317 1864 sent.
363 1821 442 1885 ergo
472 1822 512 1865 eo
534 1803 694 1885 tempore,
722 1821 787 1883 quo
810 1801 951 1884 opbavit,
974 1806 1011 1867 ut
1034 1823 1200 1868 accusare-

124 1905 128 1912 ·
235 1889 290 1952 iur
320 1888 455 1974 iterum,
484 1888 548 1955 hoo
580 1890 719 1973 optavit,
751 1893 789 1954 ub
821 1893 907 1955 esset
933 1912 993 1974 pro
1022 1891 1199 1956 damnabo?

184 1989 218 2038 20
238 1977 266 2041 si
291 1998 362 2043 oero
390 1978 479 2065 prius
512 1977 665 2042 iudicium
698 1976 760 2042 hoo
792 1978 841 2043 illi
872 1979 1038 2063 praestitit
1070 1983 1102 2045 eb
1134 2001 1199 2045 me-

237 2064 302 2131 rito
326 2067 500 2152 praestitit,
522 2066 557 2129 in
581 2065 902 2150 summaqu<e>idem
922 2068 1060 2134 seeundo
1079 2069 1199 2134 iudicio

238 2155 420 2238 quaesitum
453 2158 517 2236 est,
548 2176 590 2219 en
621 2153 676 2218 hio
708 2154 837 2220 adulter
864 2160 963 2241 essee,
995 2178 1056 2242 quo
1084 2157 1200 2241 <iu>re

238 2247 406 2309 accusatus
433 2246 538 2325 essee,
571 2243 726 2326 quoniam
756 2247 925 2330 tamquam
957 2245 997 2310 de
1028 2246 1200 2311 innocente

238 2336 271 2396 eb
300 2333 338 2396 de
367 2331 465 2396 dubio
488 2330 707 2414 ombiyebatur
730 2355 767 2399 ao
792 2335 820 2399 ei
842 2335 933 2419 prius
955 2334 1110 2400 iudicium
1132 2355 1200 2399 non

185 2435 218 2482 ab
238 2424 338 2486 esset:
361 2419 465 2485 albero
486 2419 635 2485 damnari
651 2421 735 2487 nihil
754 2423 902 2507 adiuuit,
921 2425 991 2488 erai
1009 2423 1094 2487 enim
1110 2423 1200 2487 dam-

237 2513 343 2574 nabue.
380 2507 433 2572 vel
452 2507 536 2593 elige
555 2510 640 2595 quod
659 2512 760 2595 voles,
782 2515 965 2576 aecusator:
988 2511 1100 2594 ubique
1118 2511 1199 2576 alie

237 2619 309 2662 rum
333 2619 371 2661 ex
394 2596 530 2663 duobus.
561 2620 638 2664 nam
663 2600 690 2664 si
708 2599 890 2683 valu<er>it
908 2597 990 2662 illud
1008 2597 1108 2662 fuisse
1126 2619 1199 2665 oen-

197 2735 199 2740 .
236 2685 390 2767 tentiam,
422 2685 561 2751 alterum
590 2688 699 2770 <non>
728 2690 778 2751 est
804 2708 864 2769 pro
892 2686 1061 2752 sententia
1106 2688 1199 2772 prius

165 2781 167 2786 ’
237 2773 349 2856 ubique
372 2773 452 2838 illud
474 2776 520 2840 sio
539 2776 692 2860 colligite.
727 2796 794 2840 non
812 2777 862 2839 esi
880 2775 1060 2858 impunitus
1079 2776 1118 2861 is,
1141 2776 1197 2861 qui

311 2935 325 2983 1
345 2929 490 3003 quoniam]
517 2934 582 2999 sort.
606 2931 683 2984 *non
709 2929 767 2984 iam
790 2936 836 2986 ete.
856 2963 890 2973 -
909 2948 1041 3002 poenam:
1067 2933 1168 3004 gemin.
1194 2931 1199 3006 Ι

238 3006 254 3054 6
272 2999 397 3056 incidere
411 3007 469 3070 ΑΒ,
489 3019 557 3057 corr.
572 3001 616 3054 Ro
629 2999 669 3068 [16
688 3001 856 3056 videbantur
869 3007 910 3055 Δι
923 3003 932 3072 ss
947 3003 1049 3064 F{nihil
1062 3003 1197 3076 enimbl

237 3072 322 3125 verba
341 3075 406 3127 sunt
423 3077 464 3125 Δι
477 3075 516 3142 118
535 3072 585 3126 sed
604 3075 664 3140 AB,
683 3087 751 3128 corr.
763 3073 803 3128 Gr
841 3079 874 3128 11
894 3075 1114 3142 oontindereba,
1133 3091 1198 3130 eon·

234 3141 352 3198 tundere
371 3148 411 3197 Ab
425 3144 434 3211 ΙΙ
450 3149 483 3196 14
502 3143 616 3198 tolleret
634 3146 654 3196 b
673 3145 683 3214 ΙΙ
702 3149 736 3198 15
754 3143 818 3218 <bie
858 3145 884 3200 d.
904 3161 927 3198 e.
946 3162 973 3214 p.
992 3146 1020 3204 h.
1041 3146 1110 3218 [bie]
1130 3147 1171 3201 Gr
1188 3146 1199 3230 Ι]

237 3219 269 3267 19
288 3216 320 3268 ui
339 3215 425 3284 esset]
444 3229 480 3266 ne
500 3217 574 3268 esset
591 3217 648 3269 Aer
693 3219 728 3270 20
747 3232 815 3286 ergo
834 3220 881 3268 n
901 3232 970 3272 corr.
989 3214 1033 3272 Ro
1053 3218 1062 3286 ΙΙ
1082 3218 1136 3272 hoo
1153 3216 1199 3272 illi

236 3286 265 3338 eb
282 3302 319 3338 m.
338 3304 365 3354 p.
383 3289 404 3338 B
427 3285 437 3352 [1
459 3290 491 3338 21
512 3285 542 3338 in
561 3301 670 3340 summa
689 3285 802 3354 quidem
820 3290 882 3354 n,
902 3303 969 3342 corr.
990 3290 1047 3342 Aer
1069 3291 1078 3358 ΙΙ
1101 3305 1197 3357 quaes.

236 3373 296 3408 sum
319 3359 394 3409 anB
416 3355 427 3423 ΙΙ
449 3361 482 3409 22
502 3372 588 3423 quare
607 3361 669 3424 AB,
689 3374 758 3412 corr.
776 3357 822 3411 Ro
844 3359 854 3425 ΙΙ
876 3363 911 3410 24
930 3356 1121 3414 arbitrabatur
1139 3363 1197 3427 AB,

234 3442 304 3480 corr.
326 3424 374 3480 Gr.
389 3427 399 3492 ΙΙ
413 3425 436 3478 si
455 3443 505 3480 om.
524 3429 568 3495 Bu
582 3431 616 3481 2⁷
634 3426 853 3500 valu<er>ibRo
867 3429 996 3497 1128—29
1014 3429 1151 3497 sortasse*
1167 3447 1194 3486 n.
