<?xml version="1.0" encoding="UTF-8"?>
<!DOCTYPE html PUBLIC "-//W3C//DTD XHTML 1.0 Transitional//EN"
    "http://www.w3.org/TR/xhtml1/DTD/xhtml1-transitional.dtd">
<html xmlns="http://www.w3.org/1999/xhtml" xml:lang="en" lang="en">
 <head>
  <title>
</title>
<meta http-equiv="Content-Type" content="text/html;charset=utf-8" />
  <meta name='ocr-system' content='tesseract 3.04.00' />
  <meta name='ocr-capabilities' content='ocr_page ocr_carea ocr_par ocr_line ocrx_word'/>
</head>
<body>
  <div class='ocr_page' id='page_1' title='image "./mfabiiquintilia02rittgoog_0117.png"; bbox 0 0 2668 3968; ppageno 0'>
   <div class='ocr_carea' id='block_1_1' title="bbox 220 107 820 216">
    <p class='ocr_par' dir='ltr' id='par_1_1' title="bbox 220 107 820 216">
     <span class='ocr_line' id='line_1_1' title="bbox 220 107 820 216; baseline 0.002 -13"><span class='ocrx_word' id='word_1_1' title='bbox 220 123 269 214; x_wconf 64' lang='lat'>&#39;76</span> <span class='ocrx_word' id='word_1_2' title='bbox 350 107 357 117; x_wconf 41' lang='lat'>⁸</span> <span class='ocrx_word' id='word_1_3' title='bbox 591 147 820 216; x_wconf 74' lang='lat' dir='ltr'>cumanum</span> 
     </span>
    </p>
   </div>
   <div class='ocr_carea' id='block_1_2' title="bbox 95 311 1321 840">
    <p class='ocr_par' dir='ltr' id='par_1_2' title="bbox 227 311 1321 404">
     <span class='ocr_line' id='line_1_2' title="bbox 227 311 1321 404; baseline -0.001 -26"><span class='ocrx_word' id='word_1_4' title='bbox 227 312 315 378; x_wconf 87' lang='lat' dir='ltr'>aliud</span> <span class='ocrx_word' id='word_1_5' title='bbox 338 311 410 396; x_wconf 82' lang='lat' dir='ltr'>init,</span> <span class='ocrx_word' id='word_1_6' title='bbox 434 333 531 396; x_wconf 86' lang='lat' dir='ltr'>quam</span> <span class='ocrx_word' id='word_1_7' title='bbox 553 311 846 396; x_wconf 82' lang='lat' dir='ltr'>ignominiosorum</span> <span class='ocrx_word' id='word_1_8' title='bbox 870 311 905 376; x_wconf 90' lang='lat' dir='ltr'>in</span> <span class='ocrx_word' id='word_1_9' title='bbox 927 311 1101 395; x_wconf 88' lang='lat' dir='ltr'>pristinum</span> <span class='ocrx_word' id='word_1_10' title='bbox 1125 315 1190 377; x_wconf 87' lang='lat' dir='ltr'>sta·</span> <span class='ocrx_word' id='word_1_11' title='bbox 1320 389 1321 404; x_wconf 12' lang='grc' dir='ltr'>χ</span> 
     </span>
    </p>

    <p class='ocr_par' dir='ltr' id='par_1_3' title="bbox 160 398 1321 664">
     <span class='ocr_line' id='line_1_3' title="bbox 160 398 1321 486; baseline 0 -20"><span class='ocrx_word' id='word_1_12' title='bbox 160 444 163 448; x_wconf 89' lang='lat'>-</span> <span class='ocrx_word' id='word_1_13' title='bbox 226 405 296 466; x_wconf 88' lang='lat' dir='ltr'>tum</span> <span class='ocrx_word' id='word_1_14' title='bbox 319 401 493 467; x_wconf 77' lang='lat' dir='ltr'>restitutio.</span> <span class='ocrx_word' id='word_1_15' title='bbox 537 403 574 464; x_wconf 93' lang='lat' dir='ltr'>tu</span> <span class='ocrx_word' id='word_1_16' title='bbox 596 398 742 465; x_wconf 90' lang='lat' dir='ltr'>nondum</span> <span class='ocrx_word' id='word_1_17' title='bbox 769 422 841 465; x_wconf 85' lang='lat' dir='ltr'>eras</span> <span class='ocrx_word' id='word_1_18' title='bbox 868 400 904 464; x_wconf 89' lang='lat' dir='ltr'>in</span> <span class='ocrx_word' id='word_1_19' title='bbox 927 422 966 465; x_wconf 87' lang='lat' dir='ltr'>ea</span> <span class='ocrx_word' id='word_1_20' title='bbox 987 400 1129 485; x_wconf 78' lang='lat' dir='ltr'>fortima,</span> <span class='ocrx_word' id='word_1_21' title='bbox 1152 405 1191 486; x_wconf 88' lang='lat' dir='ltr'>ut</span> <span class='ocrx_word' id='word_1_22' title='bbox 1320 407 1321 416; x_wconf 77' lang='grc'>’</span> 
     </span>
     <span class='ocr_line' id='line_1_4' title="bbox 226 487 1190 573; baseline 0 -19"><span class='ocrx_word' id='word_1_23' title='bbox 226 489 445 554; x_wconf 87' lang='lat' dir='ltr'>restituendus</span> <span class='ocrx_word' id='word_1_24' title='bbox 473 509 570 554; x_wconf 90' lang='lat' dir='ltr'>esses.</span> <span class='ocrx_word' id='word_1_25' title='bbox 621 487 704 572; x_wconf 79' lang='lat' dir='ltr'>„sec</span> <span class='ocrx_word' id='word_1_26' title='bbox 732 489 858 572; x_wconf 88' lang='lat' dir='ltr'>eodem,</span> <span class='ocrx_word' id='word_1_27' title='bbox 889 488 1012 573; x_wconf 88' lang='lat' dir='ltr'>inquis,</span> <span class='ocrx_word' id='word_1_28' title='bbox 1042 493 1190 573; x_wconf 89' lang='lat' dir='ltr'>tempore</span> 
     </span>
     <span class='ocr_line' id='line_1_5' title="bbox 228 575 1191 664; baseline 0.001 -21"><span class='ocrx_word' id='word_1_29' title='bbox 228 598 288 663; x_wconf 89' lang='lat' dir='ltr'>ego</span> <span class='ocrx_word' id='word_1_30' title='bbox 315 577 529 664; x_wconf 76' lang='lat' dir='ltr'>ignominiam</span> <span class='ocrx_word' id='word_1_31' title='bbox 553 577 669 661; x_wconf 88' lang='lat' dir='ltr'>merui,</span> <span class='ocrx_word' id='word_1_32' title='bbox 697 599 761 661; x_wconf 88' lang='lat' dir='ltr'>quo</span> <span class='ocrx_word' id='word_1_33' title='bbox 783 577 921 643; x_wconf 85' lang='lat' dir='ltr'>remissa</span> <span class='ocrx_word' id='word_1_34' title='bbox 948 575 1025 642; x_wconf 85' lang='lat' dir='ltr'>est.“</span> <span class='ocrx_word' id='word_1_35' title='bbox 1070 577 1191 644; x_wconf 82' lang='lat' dir='ltr'>Postea</span> 
     </span>
    </p>

    <p class='ocr_par' dir='ltr' id='par_1_4' title="bbox 192 665 1241 751">
     <span class='ocr_line' id='line_1_6' title="bbox 192 665 1241 751; baseline -0.001 -18"><span class='ocrx_word' id='word_1_36' title='bbox 192 683 209 734; x_wconf 78' lang='lat' dir='ltr'>t</span> <span class='ocrx_word' id='word_1_37' title='bbox 228 666 342 751; x_wconf 83' lang='lat' dir='ltr'>dicam,</span> <span class='ocrx_word' id='word_1_38' title='bbox 365 687 463 751; x_wconf 89' lang='lat' dir='ltr'>quam</span> <span class='ocrx_word' id='word_1_39' title='bbox 481 665 598 751; x_wconf 87' lang='lat' dir='ltr'>diguus</span> <span class='ocrx_word' id='word_1_40' title='bbox 616 666 682 730; x_wconf 90' lang='lat' dir='ltr'>ista</span> <span class='ocrx_word' id='word_1_41' title='bbox 700 666 745 731; x_wconf 87' lang='lat' dir='ltr'>sis</span> <span class='ocrx_word' id='word_1_42' title='bbox 761 665 954 751; x_wconf 89' lang='lat' dir='ltr'>ignominia:</span> <span class='ocrx_word' id='word_1_43' title='bbox 978 665 1108 730; x_wconf 87' lang='lat' dir='ltr'>interim</span> <span class='ocrx_word' id='word_1_44' title='bbox 1125 666 1191 732; x_wconf 80' lang='lat' dir='ltr'>ista</span> <span class='ocrx_word' id='word_1_45' title='bbox 1238 710 1241 715; x_wconf 94' lang='lat'><em>-</em></span> 
     </span>
    </p>

    <p class='ocr_par' dir='ltr' id='par_1_5' title="bbox 95 754 1193 840">
     <span class='ocr_line' id='line_1_7' title="bbox 95 754 1193 840; baseline 0.003 -23"><span class='ocrx_word' id='word_1_46' title='bbox 95 813 97 817; x_wconf 87' lang='lat'>.</span> <span class='ocrx_word' id='word_1_47' title='bbox 227 755 385 840; x_wconf 88' lang='lat' dir='ltr'>temporis</span> <span class='ocrx_word' id='word_1_48' title='bbox 413 754 655 839; x_wconf 87' lang='lat' dir='ltr'>computatione</span> <span class='ocrx_word' id='word_1_49' title='bbox 684 754 827 819; x_wconf 79' lang='lat' dir='ltr'>excludo.</span> <span class='ocrx_word' id='word_1_50' title='bbox 872 755 1018 839; x_wconf 78' lang='lat' dir='ltr'>quamvis</span> <span class='ocrx_word' id='word_1_51' title='bbox 1042 755 1128 819; x_wconf 90' lang='lat' dir='ltr'>enim</span> <span class='ocrx_word' id='word_1_52' title='bbox 1151 777 1193 820; x_wconf 86' lang='lat' dir='ltr'>ca</span> 
     </span>
    </p>
   </div>
   <div class='ocr_carea' id='block_1_3' title="bbox 227 841 1323 1106">
    <p class='ocr_par' dir='ltr' id='par_1_6' title="bbox 227 841 1323 1106">
     <span class='ocr_line' id='line_1_8' title="bbox 227 841 1323 930; baseline 0 -22"><span class='ocrx_word' id='word_1_53' title='bbox 227 845 357 930; x_wconf 86' lang='lat' dir='ltr'>rogatio</span> <span class='ocrx_word' id='word_1_54' title='bbox 381 846 511 927; x_wconf 87' lang='lat' dir='ltr'>recepta</span> <span class='ocrx_word' id='word_1_55' title='bbox 535 843 587 926; x_wconf 88' lang='lat' dir='ltr'>sit,</span> <span class='ocrx_word' id='word_1_56' title='bbox 610 841 717 908; x_wconf 89' lang='lat' dir='ltr'>cuitu</span> <span class='ocrx_word' id='word_1_57' title='bbox 735 843 834 907; x_wconf 81' lang='lat' dir='ltr'>tertio</span> <span class='ocrx_word' id='word_1_58' title='bbox 853 843 1090 908; x_wconf 77' lang='lat' dir='ltr'>contradixisti:</span> <span class='ocrx_word' id='word_1_59' title='bbox 1114 847 1189 908; x_wconf 88' lang='lat' dir='ltr'>ante</span> <span class='ocrx_word' id='word_1_60' title='bbox 1322 863 1323 900; x_wconf 67' lang='lat' dir='ltr'>l</span> 
     </span>
     <span class='ocr_line' id='line_1_9' title="bbox 227 930 1323 1018; baseline -0.004 -22"><span class='ocrx_word' id='word_1_61' title='bbox 227 936 338 997; x_wconf 88' lang='lat' dir='ltr'>tamen</span> <span class='ocrx_word' id='word_1_62' title='bbox 363 930 493 1018; x_wconf 84' lang='lat' dir='ltr'>rogatio</span> <span class='ocrx_word' id='word_1_63' title='bbox 521 934 653 1014; x_wconf 88' lang='lat' dir='ltr'>recepta</span> <span class='ocrx_word' id='word_1_64' title='bbox 681 935 743 1015; x_wconf 92' lang='lat' dir='ltr'>est,</span> <span class='ocrx_word' id='word_1_65' title='bbox 771 952 868 1015; x_wconf 83' lang='lat' dir='ltr'>quam</span> <span class='ocrx_word' id='word_1_66' title='bbox 895 933 932 994; x_wconf 93' lang='lat' dir='ltr'>tu</span> <span class='ocrx_word' id='word_1_67' title='bbox 955 932 1190 1017; x_wconf 83' lang='lat' dir='ltr'>ignominiosus</span> <span class='ocrx_word' id='word_1_68' title='bbox 1320 957 1323 1008; x_wconf 75' lang='lat' dir='ltr'>l</span> 
     </span>
     <span class='ocr_line' id='line_1_10' title="bbox 228 1018 1323 1106; baseline 0 -21"><span class='ocrx_word' id='word_1_69' title='bbox 228 1042 299 1086; x_wconf 86' lang='lat' dir='ltr'>esse</span> <span class='ocrx_word' id='word_1_70' title='bbox 321 1021 492 1106; x_wconf 84' lang='lat' dir='ltr'>coepisses.</span> <span class='ocrx_word' id='word_1_71' title='bbox 537 1019 604 1084; x_wconf 83' lang='lat' dir='ltr'>Lex</span> <span class='ocrx_word' id='word_1_72' title='bbox 628 1019 713 1084; x_wconf 90' lang='lat' dir='ltr'>enim</span> <span class='ocrx_word' id='word_1_73' title='bbox 736 1018 814 1104; x_wconf 93' lang='lat' dir='ltr'>quid</span> <span class='ocrx_word' id='word_1_74' title='bbox 832 1018 934 1084; x_wconf 81' lang='lat' dir='ltr'>dicit?</span> <span class='ocrx_word' id='word_1_75' title='bbox 981 1019 1052 1097; x_wconf 84' lang='lat' dir='ltr'>Qui</span> <span class='ocrx_word' id='word_1_76' title='bbox 1076 1040 1190 1105; x_wconf 86' lang='lat' dir='ltr'>roga.-</span> <span class='ocrx_word' id='word_1_77' title='bbox 1322 1027 1323 1092; x_wconf 72' lang='lat' dir='ltr'>l</span> 
     </span>
    </p>
   </div>
   <div class='ocr_carea' id='block_1_4' title="bbox 176 1108 1191 1461">
    <p class='ocr_par' dir='ltr' id='par_1_7' title="bbox 176 1108 1191 1461">
     <span class='ocr_line' id='line_1_11' title="bbox 176 1108 1190 1194; baseline 0 -20"><span class='ocrx_word' id='word_1_78' title='bbox 176 1127 210 1176; x_wconf 88' lang='lat'>10</span> <span class='ocrx_word' id='word_1_79' title='bbox 228 1109 329 1174; x_wconf 91' lang='lat' dir='ltr'>tioni</span> <span class='ocrx_word' id='word_1_80' title='bbox 350 1113 413 1174; x_wconf 89' lang='lat' dir='ltr'>ter</span> <span class='ocrx_word' id='word_1_81' title='bbox 431 1108 718 1174; x_wconf 78' lang='lat' dir='ltr'>contradixerit</span> <span class='ocrx_word' id='word_1_82' title='bbox 739 1129 860 1192; x_wconf 87' lang='lat' dir='ltr'>neque</span> <span class='ocrx_word' id='word_1_83' title='bbox 878 1109 1063 1190; x_wconf 88' lang='lat' dir='ltr'>tenuerit,</span> <span class='ocrx_word' id='word_1_84' title='bbox 1081 1109 1190 1194; x_wconf 90' lang='lat' dir='ltr'>igno·</span> 
     </span>
     <span class='ocr_line' id='line_1_12' title="bbox 227 1195 1190 1281; baseline 0.002 -20"><span class='ocrx_word' id='word_1_85' title='bbox 227 1197 418 1263; x_wconf 89' lang='lat' dir='ltr'>miniosus</span> <span class='ocrx_word' id='word_1_86' title='bbox 450 1197 511 1262; x_wconf 91' lang='lat' dir='ltr'>sit.</span> <span class='ocrx_word' id='word_1_87' title='bbox 557 1197 596 1262; x_wconf 89' lang='lat' dir='ltr'>de</span> <span class='ocrx_word' id='word_1_88' title='bbox 623 1197 800 1281; x_wconf 85' lang='lat' dir='ltr'>praeterito</span> <span class='ocrx_word' id='word_1_89' title='bbox 829 1200 862 1262; x_wconf 87' lang='lat' dir='ltr'>et</span> <span class='ocrx_word' id='word_1_90' title='bbox 889 1195 928 1260; x_wconf 89' lang='lat' dir='ltr'>de</span> <span class='ocrx_word' id='word_1_91' title='bbox 955 1196 1100 1280; x_wconf 83' lang='lat' dir='ltr'>perfecto</span> <span class='ocrx_word' id='word_1_92' title='bbox 1121 1198 1190 1263; x_wconf 86' lang='lat' dir='ltr'>iam</span> 
     </span>
     <span class='ocr_line' id='line_1_13' title="bbox 227 1284 1187 1371; baseline 0.002 -22"><span class='ocrx_word' id='word_1_93' title='bbox 227 1289 457 1371; x_wconf 81' lang='lat' dir='ltr'>transactoque</span> <span class='ocrx_word' id='word_1_94' title='bbox 479 1290 628 1369; x_wconf 89' lang='lat' dir='ltr'>tempore</span> <span class='ocrx_word' id='word_1_95' title='bbox 650 1284 804 1369; x_wconf 87' lang='lat' dir='ltr'>loquitur.</span> <span class='ocrx_word' id='word_1_96' title='bbox 849 1306 921 1350; x_wconf 89' lang='lat' dir='ltr'>oum</span> <span class='ocrx_word' id='word_1_97' title='bbox 949 1285 988 1350; x_wconf 90' lang='lat' dir='ltr'>de</span> <span class='ocrx_word' id='word_1_98' title='bbox 1016 1286 1187 1369; x_wconf 88' lang='lat' dir='ltr'>rogatione</span> 
     </span>
     <span class='ocr_line' id='line_1_14' title="bbox 229 1373 1191 1461; baseline 0 -21"><span class='ocrx_word' id='word_1_99' title='bbox 229 1379 389 1461; x_wconf 79' lang='lat' dir='ltr'>ageretur,</span> <span class='ocrx_word' id='word_1_100' title='bbox 409 1374 667 1441; x_wconf 87' lang='lat' dir='ltr'>contradicebas:</span> <span class='ocrx_word' id='word_1_101' title='bbox 684 1373 829 1440; x_wconf 91' lang='lat' dir='ltr'>nondum</span> <span class='ocrx_word' id='word_1_102' title='bbox 848 1394 920 1438; x_wconf 87' lang='lat' dir='ltr'>eras</span> <span class='ocrx_word' id='word_1_103' title='bbox 935 1374 1191 1460; x_wconf 57' lang='lat' dir='ltr'>ignominiosum</span> 
     </span>
    </p>
   </div>
   <div class='ocr_carea' id='block_1_5' title="bbox 176 1462 1323 1638">
    <p class='ocr_par' dir='ltr' id='par_1_8' title="bbox 176 1462 1323 1638">
     <span class='ocr_line' id='line_1_15' title="bbox 227 1462 1323 1548; baseline 0 -21"><span class='ocrx_word' id='word_1_104' title='bbox 227 1464 371 1530; x_wconf 93' lang='lat' dir='ltr'>nondum</span> <span class='ocrx_word' id='word_1_105' title='bbox 398 1463 485 1528; x_wconf 88' lang='lat' dir='ltr'>enim</span> <span class='ocrx_word' id='word_1_106' title='bbox 507 1463 636 1548; x_wconf 89' lang='lat' dir='ltr'>rogatio</span> <span class='ocrx_word' id='word_1_107' title='bbox 664 1468 736 1529; x_wconf 88' lang='lat' dir='ltr'>erat</span> <span class='ocrx_word' id='word_1_108' title='bbox 754 1462 937 1547; x_wconf 76' lang='lat' dir='ltr'>(recepta).</span> <span class='ocrx_word' id='word_1_109' title='bbox 983 1467 1017 1528; x_wconf 90' lang='lat' dir='ltr'>at</span> <span class='ocrx_word' id='word_1_110' title='bbox 1040 1484 1115 1528; x_wconf 91' lang='lat' dir='ltr'>cum</span> <span class='ocrx_word' id='word_1_111' title='bbox 1138 1484 1189 1528; x_wconf 88' lang='lat' dir='ltr'>re·</span> <span class='ocrx_word' id='word_1_112' title='bbox 1322 1491 1323 1526; x_wconf 65' lang='grc' dir='ltr'>ι</span> 
     </span>
     <span class='ocr_line' id='line_1_16' title="bbox 176 1551 1323 1638; baseline -0.003 -20"><span class='ocrx_word' id='word_1_113' title='bbox 176 1570 209 1619; x_wconf 80' lang='lat'>15</span> <span class='ocrx_word' id='word_1_114' title='bbox 229 1557 323 1636; x_wconf 88' lang='lat' dir='ltr'>cepta</span> <span class='ocrx_word' id='word_1_115' title='bbox 345 1554 395 1616; x_wconf 90' lang='lat' dir='ltr'>est</span> <span class='ocrx_word' id='word_1_116' title='bbox 417 1551 556 1638; x_wconf 89' lang='lat' dir='ltr'>rogatio,</span> <span class='ocrx_word' id='word_1_117' title='bbox 578 1555 659 1635; x_wconf 89' lang='lat' dir='ltr'>tum,</span> <span class='ocrx_word' id='word_1_118' title='bbox 683 1552 759 1635; x_wconf 90' lang='lat' dir='ltr'>quia</span> <span class='ocrx_word' id='word_1_119' title='bbox 780 1573 847 1616; x_wconf 91' lang='lat' dir='ltr'>non</span> <span class='ocrx_word' id='word_1_120' title='bbox 866 1556 1027 1635; x_wconf 85' lang='lat' dir='ltr'>tenueras,</span> <span class='ocrx_word' id='word_1_121' title='bbox 1049 1553 1189 1637; x_wconf 90' lang='lat' dir='ltr'>ignomi-</span> <span class='ocrx_word' id='word_1_122' title='bbox 1322 1617 1323 1628; x_wconf 48' lang='grc'>,</span> 
     </span>
    </p>
   </div>
   <div class='ocr_carea' id='block_1_6' title="bbox 154 1640 1192 2964">
    <p class='ocr_par' dir='ltr' id='par_1_9' title="bbox 154 1640 1192 2964">
     <span class='ocr_line' id='line_1_17' title="bbox 228 1640 604 1724; baseline 0 -20"><span class='ocrx_word' id='word_1_123' title='bbox 228 1641 340 1705; x_wconf 89' lang='lat' dir='ltr'>niosus</span> <span class='ocrx_word' id='word_1_124' title='bbox 364 1660 436 1706; x_wconf 87' lang='lat' dir='ltr'>esse</span> <span class='ocrx_word' id='word_1_125' title='bbox 459 1640 604 1724; x_wconf 90' lang='lat' dir='ltr'>coepisti.</span> 
     </span>
     <span class='ocr_line' id='line_1_18' title="bbox 295 1727 1190 1811; baseline 0.002 -20"><span class='ocrx_word' id='word_1_126' title='bbox 295 1727 381 1792; x_wconf 90' lang='lat' dir='ltr'>Illud</span> <span class='ocrx_word' id='word_1_127' title='bbox 410 1729 510 1794; x_wconf 88' lang='lat' dir='ltr'>etiam</span> <span class='ocrx_word' id='word_1_128' title='bbox 540 1727 743 1794; x_wconf 85' lang='lat' dir='ltr'>adiciendum</span> <span class='ocrx_word' id='word_1_129' title='bbox 765 1727 907 1811; x_wconf 86' lang='lat' dir='ltr'>videtur,</span> <span class='ocrx_word' id='word_1_130' title='bbox 933 1728 1096 1793; x_wconf 90' lang='lat' dir='ltr'>neminem</span> <span class='ocrx_word' id='word_1_131' title='bbox 1120 1751 1190 1793; x_wconf 90' lang='lat' dir='ltr'>um·</span> 
     </span>
     <span class='ocr_line' id='line_1_19' title="bbox 154 1815 1192 1902; baseline 0.001 -21"><span class='ocrx_word' id='word_1_132' title='bbox 154 1847 160 1858; x_wconf 91' lang='lat'><strong>·</strong></span> <span class='ocrx_word' id='word_1_133' title='bbox 228 1838 325 1900; x_wconf 90' lang='lat' dir='ltr'>quam</span> <span class='ocrx_word' id='word_1_134' title='bbox 348 1815 531 1902; x_wconf 87' lang='lat' dir='ltr'>digniorem</span> <span class='ocrx_word' id='word_1_135' title='bbox 549 1817 649 1882; x_wconf 85' lang='lat' dir='ltr'>fuisse</span> <span class='ocrx_word' id='word_1_136' title='bbox 667 1816 857 1901; x_wconf 90' lang='lat' dir='ltr'>ignominia,</span> <span class='ocrx_word' id='word_1_137' title='bbox 880 1837 978 1901; x_wconf 88' lang='lat' dir='ltr'>quam</span> <span class='ocrx_word' id='word_1_138' title='bbox 994 1821 1037 1883; x_wconf 90' lang='lat' dir='ltr'>te.</span> <span class='ocrx_word' id='word_1_139' title='bbox 1075 1817 1192 1884; x_wconf 83' lang='lat' dir='ltr'>videri·</span> 
     </span>
     <span class='ocr_line' id='line_1_20' title="bbox 227 1905 1192 1991; baseline 0.003 -22"><span class='ocrx_word' id='word_1_140' title='bbox 227 1905 426 1988; x_wconf 89' lang='lat' dir='ltr'>musenim,</span> <span class='ocrx_word' id='word_1_141' title='bbox 456 1905 568 1991; x_wconf 85' lang='lat' dir='ltr'>quales</span> <span class='ocrx_word' id='word_1_142' title='bbox 597 1905 675 1971; x_wconf 87' lang='lat' dir='ltr'>illae</span> <span class='ocrx_word' id='word_1_143' title='bbox 697 1905 819 1968; x_wconf 86' lang='lat' dir='ltr'>fuerint</span> <span class='ocrx_word' id='word_1_144' title='bbox 839 1905 1041 1990; x_wconf 82' lang='lat' dir='ltr'>rogationes,</span> <span class='ocrx_word' id='word_1_145' title='bbox 1072 1907 1192 1991; x_wconf 87' lang='lat' dir='ltr'>quibus</span> 
     </span>
     <span class='ocr_line' id='line_1_21' title="bbox 175 1993 1190 2078; baseline -0.001 -16"><span class='ocrx_word' id='word_1_146' title='bbox 175 2011 209 2062; x_wconf 72' lang='lat' dir='ltr'>no</span> <span class='ocrx_word' id='word_1_147' title='bbox 228 1997 327 2058; x_wconf 88' lang='lat' dir='ltr'>antea</span> <span class='ocrx_word' id='word_1_148' title='bbox 358 1993 596 2060; x_wconf 84' lang='lat' dir='ltr'>contradixisti.</span> <span class='ocrx_word' id='word_1_149' title='bbox 645 1994 742 2058; x_wconf 87' lang='lat' dir='ltr'>utiles</span> <span class='ocrx_word' id='word_1_150' title='bbox 777 1993 905 2078; x_wconf 89' lang='lat' dir='ltr'>utique:</span> <span class='ocrx_word' id='word_1_151' title='bbox 939 1997 1090 2077; x_wconf 86' lang='lat' dir='ltr'>receptae</span> <span class='ocrx_word' id='word_1_152' title='bbox 1113 2001 1190 2061; x_wconf 91' lang='lat' dir='ltr'>sunt</span> 
     </span>
     <span class='ocr_line' id='line_1_22' title="bbox 228 2081 1191 2168; baseline 0.002 -21"><span class='ocrx_word' id='word_1_153' title='bbox 228 2081 316 2147; x_wconf 89' lang='lat' dir='ltr'>euim</span> <span class='ocrx_word' id='word_1_154' title='bbox 338 2086 377 2146; x_wconf 87' lang='lat' dir='ltr'>et</span> <span class='ocrx_word' id='word_1_155' title='bbox 393 2104 453 2168; x_wconf 88' lang='lat' dir='ltr'>pro</span> <span class='ocrx_word' id='word_1_156' title='bbox 476 2105 512 2149; x_wconf 93' lang='lat' dir='ltr'>re</span> <span class='ocrx_word' id='word_1_157' title='bbox 534 2082 666 2167; x_wconf 85' lang='lat' dir='ltr'>publica</span> <span class='ocrx_word' id='word_1_158' title='bbox 688 2082 886 2164; x_wconf 88' lang='lat' dir='ltr'>placuerunt.</span> <span class='ocrx_word' id='word_1_159' title='bbox 925 2083 1090 2148; x_wconf 86' lang='lat' dir='ltr'>enimvero</span> <span class='ocrx_word' id='word_1_160' title='bbox 1113 2084 1191 2149; x_wconf 92' lang='lat' dir='ltr'>huic</span> 
     </span>
     <span class='ocr_line' id='line_1_23' title="bbox 228 2169 1191 2256; baseline 0.001 -20"><span class='ocrx_word' id='word_1_161' title='bbox 228 2170 346 2256; x_wconf 87' lang='lat' dir='ltr'>aliquis</span> <span class='ocrx_word' id='word_1_162' title='bbox 373 2171 539 2256; x_wconf 89' lang='lat' dir='ltr'>rogationi</span> <span class='ocrx_word' id='word_1_163' title='bbox 567 2169 759 2237; x_wconf 84' lang='lat' dir='ltr'>contradicit</span> <span class='ocrx_word' id='word_1_164' title='bbox 784 2174 854 2235; x_wconf 89' lang='lat' dir='ltr'>tam</span> <span class='ocrx_word' id='word_1_165' title='bbox 877 2171 1092 2256; x_wconf 88' lang='lat' dir='ltr'>misericordi,</span> <span class='ocrx_word' id='word_1_166' title='bbox 1119 2177 1191 2237; x_wconf 87' lang='lat' dir='ltr'>tam</span> 
     </span>
     <span class='ocr_line' id='line_1_24' title="bbox 228 2258 1191 2345; baseline 0.004 -23"><span class='ocrx_word' id='word_1_167' title='bbox 228 2259 303 2343; x_wconf 92' lang='lat' dir='ltr'>leni,</span> <span class='ocrx_word' id='word_1_168' title='bbox 327 2280 409 2342; x_wconf 87' lang='lat' dir='ltr'>quae</span> <span class='ocrx_word' id='word_1_169' title='bbox 432 2260 551 2326; x_wconf 81' lang='lat' dir='ltr'>civium</span> <span class='ocrx_word' id='word_1_170' title='bbox 572 2280 743 2323; x_wconf 90' lang='lat' dir='ltr'>numerum</span> <span class='ocrx_word' id='word_1_171' title='bbox 765 2258 924 2343; x_wconf 81' lang='lat' dir='ltr'>ampliat?</span> <span class='ocrx_word' id='word_1_172' title='bbox 959 2260 988 2324; x_wconf 93' lang='lat' dir='ltr'>si</span> <span class='ocrx_word' id='word_1_173' title='bbox 1011 2259 1096 2326; x_wconf 88' lang='lat' dir='ltr'>alius</span> <span class='ocrx_word' id='word_1_174' title='bbox 1119 2262 1191 2345; x_wconf 90' lang='lat' dir='ltr'>qui·</span> 
     </span>
     <span class='ocr_line' id='line_1_25' title="bbox 227 2346 1188 2432; baseline 0.004 -20"><span class='ocrx_word' id='word_1_175' title='bbox 227 2347 309 2413; x_wconf 88' lang='lat' dir='ltr'>libet</span> <span class='ocrx_word' id='word_1_176' title='bbox 327 2347 586 2432; x_wconf 85' lang='lat' dir='ltr'>contradixisset,</span> <span class='ocrx_word' id='word_1_177' title='bbox 607 2346 819 2417; x_wconf 86' lang='lat' dir='ltr'>inhumanam</span> <span class='ocrx_word' id='word_1_178' title='bbox 837 2369 907 2414; x_wconf 88' lang='lat' dir='ltr'>rom</span> <span class='ocrx_word' id='word_1_179' title='bbox 925 2347 1066 2416; x_wconf 85' lang='lat' dir='ltr'>fecisset</span> <span class='ocrx_word' id='word_1_180' title='bbox 1100 2355 1137 2414; x_wconf 87' lang='lat' dir='ltr'>at</span> <span class='ocrx_word' id='word_1_181' title='bbox 1149 2354 1188 2416; x_wconf 89' lang='lat' dir='ltr'>tu</span> 
     </span>
     <span class='ocr_line' id='line_1_26' title="bbox 175 2436 1189 2522; baseline -0.002 -18"><span class='ocrx_word' id='word_1_182' title='bbox 175 2453 208 2504; x_wconf 78' lang='lat'>25</span> <span class='ocrx_word' id='word_1_183' title='bbox 228 2436 315 2502; x_wconf 89' lang='lat' dir='ltr'>istud</span> <span class='ocrx_word' id='word_1_184' title='bbox 334 2436 540 2519; x_wconf 67' lang='lat' dir='ltr'>connadicia,</span> <span class='ocrx_word' id='word_1_185' title='bbox 557 2457 598 2501; x_wconf 93' lang='lat' dir='ltr'>ne</span> <span class='ocrx_word' id='word_1_186' title='bbox 615 2436 827 2522; x_wconf 90' lang='lat' dir='ltr'>ignominiosi</span> <span class='ocrx_word' id='word_1_187' title='bbox 846 2437 1072 2520; x_wconf 77' lang='lat' dir='ltr'>restituantur,</span> <span class='ocrx_word' id='word_1_188' title='bbox 1089 2437 1189 2503; x_wconf 91' lang='lat' dir='ltr'>homo</span> 
     </span>
     <span class='ocr_line' id='line_1_27' title="bbox 228 2525 1190 2610; baseline 0.001 -20"><span class='ocrx_word' id='word_1_189' title='bbox 228 2525 338 2609; x_wconf 71' lang='lat' dir='ltr'>(non)</span> <span class='ocrx_word' id='word_1_190' title='bbox 356 2528 448 2591; x_wconf 85' lang='lat' dir='ltr'>extra</span> <span class='ocrx_word' id='word_1_191' title='bbox 470 2525 647 2609; x_wconf 88' lang='lat' dir='ltr'>periculum</span> <span class='ocrx_word' id='word_1_192' title='bbox 671 2526 808 2610; x_wconf 77' lang='lat' dir='ltr'>positus.</span> <span class='ocrx_word' id='word_1_193' title='bbox 837 2525 954 2610; x_wconf 90' lang='lat' dir='ltr'>dignus</span> <span class='ocrx_word' id='word_1_194' title='bbox 978 2547 1013 2591; x_wconf 88' lang='lat' dir='ltr'>es</span> <span class='ocrx_word' id='word_1_195' title='bbox 1036 2544 1128 2610; x_wconf 88' lang='lat' dir='ltr'>ergo,</span> <span class='ocrx_word' id='word_1_196' title='bbox 1150 2532 1190 2592; x_wconf 91' lang='lat' dir='ltr'>ut</span> 
     </span>
     <span class='ocr_line' id='line_1_28' title="bbox 227 2613 1189 2698; baseline 0.001 -19"><span class='ocrx_word' id='word_1_197' title='bbox 227 2614 365 2698; x_wconf 87' lang='lat' dir='ltr'>patiaris</span> <span class='ocrx_word' id='word_1_198' title='bbox 388 2635 436 2698; x_wconf 85' lang='lat' dir='ltr'>ea,</span> <span class='ocrx_word' id='word_1_199' title='bbox 458 2635 541 2698; x_wconf 84' lang='lat' dir='ltr'>quae</span> <span class='ocrx_word' id='word_1_200' title='bbox 563 2614 636 2698; x_wconf 85' lang='lat' dir='ltr'>pati</span> <span class='ocrx_word' id='word_1_201' title='bbox 659 2634 771 2678; x_wconf 90' lang='lat' dir='ltr'>omnes</span> <span class='ocrx_word' id='word_1_202' title='bbox 789 2613 931 2678; x_wconf 82' lang='lat' dir='ltr'>voluisti.</span> <span class='ocrx_word' id='word_1_203' title='bbox 953 2614 1019 2679; x_wconf 91' lang='lat' dir='ltr'>nisi</span> <span class='ocrx_word' id='word_1_204' title='bbox 1036 2614 1122 2680; x_wconf 86' lang='lat' dir='ltr'>forte</span> <span class='ocrx_word' id='word_1_205' title='bbox 1141 2615 1189 2680; x_wconf 92' lang='lat' dir='ltr'>sic</span> 
     </span>
     <span class='ocr_line' id='line_1_29' title="bbox 226 2702 1189 2786; baseline 0.002 -20"><span class='ocrx_word' id='word_1_206' title='bbox 226 2702 449 2786; x_wconf 88' lang='lat' dir='ltr'>intellegimus</span> <span class='ocrx_word' id='word_1_207' title='bbox 476 2702 574 2767; x_wconf 81' lang='lat' dir='ltr'>istam</span> <span class='ocrx_word' id='word_1_208' title='bbox 603 2706 768 2785; x_wconf 81' lang='lat' dir='ltr'>receptam</span> <span class='ocrx_word' id='word_1_209' title='bbox 784 2703 1008 2786; x_wconf 76' lang='lat' dir='ltr'>rogationem,</span> <span class='ocrx_word' id='word_1_210' title='bbox 1034 2707 1071 2767; x_wconf 90' lang='lat' dir='ltr'>ut</span> <span class='ocrx_word' id='word_1_211' title='bbox 1092 2724 1189 2768; x_wconf 89' lang='lat' dir='ltr'>nemo</span> 
     </span>
     <span class='ocr_line' id='line_1_30' title="bbox 228 2790 1189 2877; baseline 0.003 -23"><span class='ocrx_word' id='word_1_212' title='bbox 228 2792 272 2855; x_wconf 88' lang='lat' dir='ltr'>sit</span> <span class='ocrx_word' id='word_1_213' title='bbox 290 2811 444 2873; x_wconf 86' lang='lat' dir='ltr'>umquam</span> <span class='ocrx_word' id='word_1_214' title='bbox 463 2790 595 2855; x_wconf 90' lang='lat' dir='ltr'>omnino</span> <span class='ocrx_word' id='word_1_215' title='bbox 613 2790 796 2855; x_wconf 83' lang='lat' dir='ltr'>incivitate</span> <span class='ocrx_word' id='word_1_216' title='bbox 813 2793 928 2856; x_wconf 85' lang='lat' dir='ltr'>nostra</span> <span class='ocrx_word' id='word_1_217' title='bbox 940 2791 1189 2877; x_wconf 87' lang='lat' dir='ltr'>ignominiosus.</span> 
     </span>
     <span class='ocr_line' id='line_1_31' title="bbox 174 2877 1188 2964; baseline 0.001 -19"><span class='ocrx_word' id='word_1_218' title='bbox 174 2895 208 2945; x_wconf 79' lang='lat' dir='ltr'>uo</span> <span class='ocrx_word' id='word_1_219' title='bbox 226 2881 262 2942; x_wconf 86' lang='lat' dir='ltr'>ot</span> <span class='ocrx_word' id='word_1_220' title='bbox 283 2877 354 2959; x_wconf 75' lang='grc' dir='ltr'>(εἰ)</span> <span class='ocrx_word' id='word_1_221' title='bbox 378 2877 411 2942; x_wconf 95' lang='lat' dir='ltr'>id</span> <span class='ocrx_word' id='word_1_222' title='bbox 433 2877 485 2942; x_wconf 87' lang='lat' dir='ltr'>vel</span> <span class='ocrx_word' id='word_1_223' title='bbox 509 2878 649 2962; x_wconf 87' lang='lat' dir='ltr'>populus</span> <span class='ocrx_word' id='word_1_224' title='bbox 672 2878 843 2963; x_wconf 80' lang='lat' dir='ltr'>voluisset,</span> <span class='ocrx_word' id='word_1_225' title='bbox 866 2879 917 2944; x_wconf 82' lang='lat' dir='ltr'>vel</span> <span class='ocrx_word' id='word_1_226' title='bbox 939 2879 1005 2963; x_wconf 85' lang='lat' dir='ltr'>ille,</span> <span class='ocrx_word' id='word_1_227' title='bbox 1029 2879 1085 2964; x_wconf 91' lang='lat' dir='ltr'>qui</span> <span class='ocrx_word' id='word_1_228' title='bbox 1108 2879 1188 2946; x_wconf 82' lang='lat' dir='ltr'>fore·</span> 
     </span>
    </p>
   </div>
   <div class='ocr_carea' id='block_1_7' title="bbox 227 2965 1323 3054">
    <p class='ocr_par' dir='ltr' id='par_1_10' title="bbox 227 2965 1323 3054">
     <span class='ocr_line' id='line_1_32' title="bbox 227 2965 1323 3054; baseline 0.004 -24"><span class='ocrx_word' id='word_1_229' title='bbox 227 2965 286 3030; x_wconf 90' lang='lat' dir='ltr'>bat</span> <span class='ocrx_word' id='word_1_230' title='bbox 314 2966 572 3051; x_wconf 80' lang='lat' dir='ltr'>(rogationem),</span> <span class='ocrx_word' id='word_1_231' title='bbox 604 2967 795 3053; x_wconf 84' lang='lat' dir='ltr'>abrogasset</span> <span class='ocrx_word' id='word_1_232' title='bbox 826 2967 936 3050; x_wconf 91' lang='lat' dir='ltr'>potius</span> <span class='ocrx_word' id='word_1_233' title='bbox 966 2967 1050 3033; x_wconf 86' lang='lat' dir='ltr'>hanc</span> <span class='ocrx_word' id='word_1_234' title='bbox 1073 2968 1189 3054; x_wconf 86' lang='lat' dir='ltr'>legem,</span> <span class='ocrx_word' id='word_1_235' title='bbox 1322 3021 1323 3024; x_wconf 15' lang='grc' dir='ltr'>η</span> 
     </span>
    </p>
   </div>
   <div class='ocr_carea' id='block_1_8' title="bbox 226 3068 1190 3493">
    <p class='ocr_par' dir='ltr' id='par_1_11' title="bbox 226 3068 1190 3493">
     <span class='ocr_line' id='line_1_33' title="bbox 299 3068 1190 3141; baseline 0.001 -17"><span class='ocrx_word' id='word_1_236' title='bbox 299 3074 315 3124; x_wconf 79' lang='lat'>2</span> <span class='ocrx_word' id='word_1_237' title='bbox 334 3069 367 3123; x_wconf 87' lang='lat' dir='ltr'>tu</span> <span class='ocrx_word' id='word_1_238' title='bbox 384 3069 435 3126; x_wconf 81' lang='lat' dir='ltr'>del.</span> <span class='ocrx_word' id='word_1_239' title='bbox 455 3072 495 3122; x_wconf 75' lang='lat' dir='ltr'>Ab</span> <span class='ocrx_word' id='word_1_240' title='bbox 515 3071 524 3140; x_wconf 91' lang='grc' dir='ltr'>ΙΙ</span> <span class='ocrx_word' id='word_1_241' title='bbox 542 3075 558 3125; x_wconf 80' lang='lat' dir='ltr'>t</span> <span class='ocrx_word' id='word_1_242' title='bbox 578 3068 664 3141; x_wconf 76' lang='lat' dir='ltr'>iatassl</span> <span class='ocrx_word' id='word_1_243' title='bbox 679 3073 715 3140; x_wconf 75' lang='grc' dir='ltr'>Δ,</span> <span class='ocrx_word' id='word_1_244' title='bbox 735 3069 805 3125; x_wconf 78' lang='lat' dir='ltr'>istas</span> <span class='ocrx_word' id='word_1_245' title='bbox 822 3073 843 3120; x_wconf 76' lang='lat' dir='ltr'>B</span> <span class='ocrx_word' id='word_1_246' title='bbox 862 3071 871 3138; x_wconf 87' lang='grc' dir='ltr'>ΙΙ</span> <span class='ocrx_word' id='word_1_247' title='bbox 888 3068 926 3123; x_wconf 90' lang='lat' dir='ltr'>sis</span> <span class='ocrx_word' id='word_1_248' title='bbox 943 3083 993 3124; x_wconf 78' lang='lat' dir='ltr'>one.</span> <span class='ocrx_word' id='word_1_249' title='bbox 1011 3073 1032 3120; x_wconf 76' lang='lat' dir='ltr'>B</span> <span class='ocrx_word' id='word_1_250' title='bbox 1047 3070 1190 3140; x_wconf 77' lang='lat' dir='ltr'>lignomi·</span> 
     </span>
     <span class='ocr_line' id='line_1_34' title="bbox 226 3137 1188 3226; baseline 0.002 -31"><span class='ocrx_word' id='word_1_251' title='bbox 226 3139 287 3196; x_wconf 88' lang='lat' dir='ltr'>nias</span> <span class='ocrx_word' id='word_1_252' title='bbox 306 3144 371 3193; x_wconf 73' lang='lat' dir='ltr'>Aa!</span> <span class='ocrx_word' id='word_1_253' title='bbox 386 3141 395 3210; x_wconf 81' lang='grc' dir='ltr'>ΙΙ</span> <span class='ocrx_word' id='word_1_254' title='bbox 408 3146 478 3196; x_wconf 75' lang='grc'>6-6</span> <span class='ocrx_word' id='word_1_255' title='bbox 497 3141 581 3225; x_wconf 68' lang='lat' dir='ltr'>istam</span> <span class='ocrx_word' id='word_1_256' title='bbox 595 3144 615 3197; x_wconf 91' lang='lat' dir='ltr'>t.</span> <span class='ocrx_word' id='word_1_257' title='bbox 631 3139 869 3210; x_wconf 85' lang='lat' dir='ltr'>computationem</span> <span class='ocrx_word' id='word_1_258' title='bbox 879 3137 917 3208; x_wconf 83' lang='lat'>(?)</span> <span class='ocrx_word' id='word_1_259' title='bbox 927 3139 972 3194; x_wconf 86' lang='lat' dir='ltr'>Ro</span> <span class='ocrx_word' id='word_1_260' title='bbox 985 3139 994 3209; x_wconf 79' lang='grc' dir='ltr'><strong><em>Ν</em></strong></span> <span class='ocrx_word' id='word_1_261' title='bbox 1008 3146 1024 3195; x_wconf 82' lang='grc'><strong>7</strong></span> <span class='ocrx_word' id='word_1_262' title='bbox 1038 3141 1188 3226; x_wconf 78' lang='lat' dir='ltr'>rogatione</span> 
     </span>
     <span class='ocr_line' id='line_1_35' title="bbox 227 3208 1188 3365; baseline 0.001 -30"><span class='ocrx_word' id='word_1_263' title='bbox 227 3213 387 3365; x_wconf 54' lang='lat' dir='ltr'>‹ciiilriiaqiriii⁸</span> <span class='ocrx_word' id='word_1_264' title='bbox 397 3218 429 3336; x_wconf 86' lang='grc' dir='ltr'>1Δ1</span> <span class='ocrx_word' id='word_1_265' title='bbox 434 3284 443 3352; x_wconf 86' lang='grc' dir='ltr'>ΙΙ</span> <span class='ocrx_word' id='word_1_266' title='bbox 450 3208 1039 3362; x_wconf 48' lang='lat' dir='ltr'>llllrfroldiattipdiiivsetto(liutetliiiislei‘iciirredeiiipta</span> <span class='ocrx_word' id='word_1_267' title='bbox 1051 3212 1148 3356; x_wconf 53' lang='lat' dir='ltr'>effi.</span> <span class='ocrx_word' id='word_1_268' title='bbox 1155 3219 1188 3336; x_wconf 55' lang='lat' dir='ltr'>lg</span> 
     </span>
     <span class='ocr_line' id='line_1_36' title="bbox 227 3353 1189 3493; baseline 0.002 -87"><span class='ocrx_word' id='word_1_269' title='bbox 227 3357 284 3493; x_wconf 50' lang='lat' dir='ltr'>(R,</span> <span class='ocrx_word' id='word_1_270' title='bbox 294 3355 462 3480; x_wconf 31' lang='lat' dir='ltr'>gagaggi}</span> <span class='ocrx_word' id='word_1_271' title='bbox 481 3360 515 3410; x_wconf 80' lang='lat'>26</span> <span class='ocrx_word' id='word_1_272' title='bbox 533 3353 631 3427; x_wconf 81' lang='lat' dir='ltr'>(uon)</span> <span class='ocrx_word' id='word_1_273' title='bbox 649 3353 703 3408; x_wconf 74' lang='lat' dir='ltr'>so</span> <span class='ocrx_word' id='word_1_274' title='bbox 716 3354 726 3420; x_wconf 87' lang='grc' dir='ltr'>ΙΙ</span> <span class='ocrx_word' id='word_1_275' title='bbox 740 3357 773 3408; x_wconf 76' lang='grc'>29</span> <span class='ocrx_word' id='word_1_276' title='bbox 792 3367 905 3406; x_wconf 88' lang='lat' dir='ltr'>ommno</span> <span class='ocrx_word' id='word_1_277' title='bbox 923 3367 973 3407; x_wconf 84' lang='lat' dir='ltr'>om.</span> <span class='ocrx_word' id='word_1_278' title='bbox 991 3354 1084 3422; x_wconf 62' lang='lat' dir='ltr'>luto</span> <span class='ocrx_word' id='word_1_279' title='bbox 1103 3369 1139 3407; x_wconf 88' lang='lat' dir='ltr'>an</span> <span class='ocrx_word' id='word_1_280' title='bbox 1158 3353 1189 3408; x_wconf 86' lang='lat' dir='ltr'>id</span> 
     </span>
    </p>
   </div>
   <div class='ocr_carea' id='block_1_9' title="bbox 0 0 1338 3968">
    <p class='ocr_par' dir='ltr' id='par_1_12' title="bbox 0 0 1338 3968">
     <span class='ocr_line' id='line_1_37' title="bbox 0 0 1338 3968; baseline 0 0"><span class='ocrx_word' id='word_1_281' title='bbox 0 0 1338 3968; x_wconf 95' lang='lat' dir='ltr'> </span> 
     </span>
    </p>
   </div>
  </div>
 </body>
</html>
