2692 3960
236 129 302 194 270
601 125 832 193 QUINTILIANI

235 311 323 378 pere.
377 313 454 357 nam
488 296 522 356 et
552 291 739 377 praesentis
771 290 914 357 numinis
947 288 1030 374 eius,
1063 289 1102 354 de
1135 311 1202 374 que

197 433 204 438 .
237 381 354 467 agitur,
377 380 559 466 adprobate
582 383 641 446 ert.

551 554 881 622 DEOLAMATIO.

302 681 389 748 Deos
418 681 608 747 inmortales
637 701 748 746 omnes
777 680 921 766 quidem,
952 680 1126 766 praecipue
1152 683 1201 747 ts·

200 787 216 836 5
235 793 310 838 men
332 790 454 837 numen
473 773 505 835 et
523 769 604 834 mihi
622 771 762 835 maxime
780 769 941 834 familiare
960 773 1002 852 et,
1026 769 1110 834 sieut
1126 791 1199 854 pro·

235 861 321 925 xime
347 861 472 944 experti
496 881 621 943 sumus,
653 857 971 943 praesentissimum,
993 857 1126 943 iudices,
1148 858 1198 923 in·

235 969 315 1013 roeo
340 951 415 1012 ante
439 948 562 1012 omnia:
590 951 628 1012 ut
651 948 680 1013 si
702 950 853 1031 respectu
876 967 1057 1031 sacrorum,
1081 947 1109 1012 si
1131 948 1197 1031 pie·

235 1040 314 1120 tete,
347 1037 375 1100 si
407 1035 565 1124 religione
595 1035 666 1102 sele
697 1036 812 1101 duetus
844 1034 907 1100 feei
942 1035 1028 1121 quod
1058 1034 1200 1101 obicitur

234 1124 324 1209 mihi,
342 1125 444 1190 veliet
462 1123 648 1208 inpunitum
668 1145 738 1190 esse
757 1124 935 1190 sacerdotis
954 1123 1110 1208 officium3
1131 1129 1200 1189 tum

183 1231 216 1278 10
236 1211 337 1299 (quod
364 1235 416 1280 me
444 1213 620 1299 aliquando
649 1212 827 1279 sollicitum
854 1210 969 1298 hebet)
1000 1234 1042 1277 ne
1075 1234 1201 1299 aspere,

233 1323 275 1367 ne
307 1304 392 1368 irate
418 1301 503 1368 hene
529 1302 640 1369 iudicii
667 1301 785 1368 faeiem
815 1302 937 1367 intueri
967 1300 1130 1386 veli<n>t‚
1161 1301 1198 1366 in

236 1413 299 1476 que
327 1391 445 1476 cepitis
468 1391 611 1475 perieuio
635 1392 749 1476 luitur,
777 1391 863 1476 quod
886 1391 1046 1475 templum
1070 1389 1197 1456 dedice-

234 1483 305 1544 tum
329 1485 388 1545 est.
426 1503 483 1546 oro
506 1480 607 1565 igitur
630 1484 729 1565 etque
752 1479 908 1563 obtestor,
932 1480 960 1543 si
983 1479 1054 1543 fleri
1077 1482 1198 1564 potest,

234 1590 276 1634 ne
298 1569 446 1634 damnari
468 1590 520 1634 me
544 1569 659 1648 velint3
683 1569 712 1634 si
734 1569 851 1652 minus,
873 1589 915 1632 ne
933 1567 1103 1633 vindicari:
1126 1572 1198 1633 tue-

183 1673 216 1722 15
236 1660 395 1741 enturque
419 1657 586 1726 civitatem
610 1659 646 1725 in
663 1658 734 1740 hoe,
756 1656 968 1740 quem-medo
986 1656 1107 1726 hebere
1127 1677 1199 1722 eoe-

234 1745 357 1831 pimus,
384 1767 472 1830 paee.
517 1747 617 1811 immo
645 1767 721 1811 vero
749 1743 834 1810 hene
856 1745 976 1810 vestris
1001 1745 1118 1809 animis
1141 1766 1199 1809 vo-

234 1832 409 1919 luntatem,
436 1834 500 1900 hoc
526 1835 731 1919 propositum
753 1834 872 1901 mentis
895 1834 1067 1920 inspirent,
1094 1855 1136 1898 ne
1159 1855 1200 1898 eo

234 1927 382 2006 tempore
406 1923 483 1989 deos
504 1923 634 1988 laedere
656 1922 774 2006 velitis,
797 1943 860 2007 quo
879 1922 946 1987 illis
965 1924 1032 1987 iam
1052 1923 1197 1988 Alexan-

236 2009 293 2076 der
316 2012 485 2079 satisfecit.

181 2133 216 2184 20
304 2117 375 2204 Qui,
398 2118 528 2191 etiamsi
550 2117 673 2187 bellum
691 2119 809 2188 eontra
832 2139 892 2188 nos
914 2117 1071 2190 traditum
1096 2139 1133 2183 ee
1150 2138 1201 2182 re·

234 2208 348 2282 lietum
381 2231 400 2277 e
430 2210 525 2293 petre
557 2227 659 2291 usque
686 2207 843 2296 suscepit,
876 2206 1099 2274 etiamsinon
1127 2208 1197 2271 tem

233 2297 378 2384 proprie,
407 2317 505 2381 quem
534 2293 732 2362 hereditarie
755 2296 926 2364 nobiseum
951 2295 1101 2362 eonst'tit
1123 2316 1200 2360 eon·

234 2386 393 2472 tentione,
430 2382 540 2457 omnia
566 2386 677 2454 temen
705 2384 770 2450 elia
792 2383 912 2470 inpune
934 2383 1089 2449 faeiebst:
1120 2383 1198 2449 dum

234 2496 286 2540 res
315 2475 401 2539 intre
428 2471 558 2542 eaedem
585 2471 755 2544 hominum
783 2473 892 2556 stetit,
925 2471 1002 2536 dum
1028 2472 1114 2539 intre
1142 2492 1198 2535 ve·

181 2562 394 2628 testationes
422 2580 575 2645 agrorum
599 2561 810 2648 (quamquam
832 2561 934 2626 tetius
957 2558 1057 2623 saneti
1081 2579 1118 2623 ee
1141 2580 1196 2623 ve-

233 2651 390 2716 nerabilis
405 2645 492 2736 soli),
511 2651 650 2730 secunde
668 2672 720 2716 res
738 2654 862 2718 temen:
881 2668 918 2713 ee
932 2668 974 2711 ne
987 2645 1047 2711 ifle
1061 2647 1200 2725 numine.

234 2738 372 2824 quidem,
395 2759 477 2822 quae
501 2761 628 2825 semper
650 2738 806 2805 excubare
828 2734 978 2801 videntur
1000 2757 1060 2821 pro
1079 2737 1196 2802 nostre

234 2826 381 2910 civitate,
407 2826 489 2894 setis
515 2829 560 2894 ed
587 2827 742 2898 tuendum
769 2825 883 2890 urbem
910 2823 1111 2908 prefuerunt.
1161 2829 1200 2890 ut

233 2935 310 2980 vere
334 2914 443 3000 ignem
463 2918 563 2984 serris
581 2915 741 3001 pestibus,
761 2917 798 2979 ut
815 2912 938 2980 ferrum
950 2913 1201 2979 'vetustissimae

306 3131 320 3180 1
340 3126 461 3182 neminis
479 3130 520 3178 Δι
542 3125 551 3194 ΙΙ
573 3128 589 3178 t
611 3128 773 3179 nomene·
794 3125 804 3194 ΙΙ
828 3129 843 3179 Ἰ
862 3125 895 3178 ut
911 3141 985 3193 resp.
1003 3125 1024 3175 B
1047 3125 1057 3194 Ι]
1078 3123 1198 3193 pietatis

232 3200 293 3266 n,
311 3214 381 3254 corr.
399 3199 456 3252 Aer
470 3199 508 3266 {ys
528 3193 621 3249 obitur
638 3197 715 3265 ΔΙΙθ
733 3194 804 3250 velit
821 3200 857 3264 Δ,
876 3194 955 3250 velut
972 3199 1006 3262 B,
1025 3210 1093 3250 cerr.
1114 3195 1171 3249 Aer
1186 3195 1194 3265 tt

231 3283 306 3325 nune
324 3273 383 3334 ΑΒ,
403 3285 471 3324 sorr.
492 3267 548 3332 Gn
565 3265 632 3322 hine
649 3266 694 3324 Ro
714 3267 726 3336 tl
749 3274 781 3321 11
802 3264 932 3338 veli(n>t
949 3266 1007 3321 Aer
1028 3267 1038 3334 ΙΙ
1063 3271 1095 3320 18
1114 3265 1192 3334 quod

232 3339 272 3395 in
290 3344 321 3407 B,
340 3339 407 3407 quie
423 3337 464 3392 ill.
484 3341 526 3406 ΡΙΙ
540 3343 574 3392 22
593 3354 676 3406 quern
691 3353 747 3393 em.
765 3342 806 3390 A·
819 3339 829 3406 t
843 3342 877 3390 25
896 3336 951 3391 seii
963 3340 1022 3406 ΑΒ,
1039 3353 1109 3392 eorr.
1121 3335 1195 3408 Obsi}

233 3417 267 3466 26
286 3425 379 3465 vener.
399 3425 491 3464 secun.
509 3412 530 3460 B
545 3410 554 3478 ΙΙ
567 3408 683 3463 nomina
700 3413 726 3461 Δ
