2670 3962
216 158 283 222 244
583 155 813 224 QUINTILIANI
909 199 915 205 .

214 322 342 405 bemus,
374 342 456 406 quae
483 322 737 405 praecesserunt
783 318 861 403 quid
888 319 976 385 aliud
1003 321 1182 404 praecessit

215 409 628 496 <quam>mollrsmv1d1al
640 428 717 494 ergo
728 407 1182 494 cumadprobaverrmus,non
1318 409 1319 412 ’

213 519 279 566 uno
302 498 390 564 facto
413 497 610 564 dementiam
631 517 703 562 csse
727 496 993 581 convincendam,
1015 497 1181 564 veniemus

217 585 258 652 ad
277 586 424 653 ordinem
443 585 649 652 defensionis
678 588 754 652 ante
772 590 865 652 actae
887 586 975 651 vitae
997 587 1082 652 ratio
1106 608 1182 654 con·

180 687 197 738 5
219 679 293 742 etet.
321 676 383 742 hoc
401 697 468 741 non
484 678 693 761 proptereat
678 678 809 740 tantum
827 673 997 740 dicendum
1016 679 1075 760 est,
1098 676 1183 761 quod

216 765 262 830 sic
281 763 410 830 defendi
432 785 506 831 reus
528 766 652 849 potest,
676 761 734 829 sed
757 765 857 829 etiam
881 763 966 852 quod
989 763 1111 830 invidia
1134 786 1182 830 re·

215 853 264 918 dit
287 853 328 917 ad
351 857 581 920 accusatorem.
614 853 732 936 omnia,
756 873 838 937 quse
860 873 920 937 pro
945 874 979 918 se
997 852 1124 939 dixerit,
1146 854 1182 919 in

215 941 318 1006 filium
341 942 435 1007 dicet.

526 1115 869 1185 DECLAMATIO.

163 1258 196 1307 ιο
285 1238 371 1316 Quid
392 1239 456 1307 feci
480 1240 668 1308 dementer?
694 1242 820 1308 iuvenis
843 1241 1015 1328 frugaliter
1028 1242 1104 1324 rixi,
1126 1265 1182 1328 pa·

215 1329 405 1395 trimonium
433 1329 521 1415 auxi,
548 1352 683 1398 uxorem
711 1331 797 1417 duxi,
819 1331 923 1396 filium
947 1331 1071 1415 sustuli,
1094 1331 1181 1397 hunc

217 1440 301 1486 amo.
349 1417 480 1506 „Flene,
506 1420 626 1505 inquit,
653 1442 705 1485 me
733 1441 791 1506 per
817 1420 983 1507 publicum
1012 1420 1184 1504 sequeris.“

215 1507 374 1573 Poterant
404 1509 472 1574 ista
502 1513 536 1574 et
562 1512 714 1593 separata
742 1508 871 1575 defendi
901 1545 939 1555 -
975 1531 1053 1574 nam
1077 1529 1181 1595 neque

217 1596 427 1662 admirationi
440 1596 587 1683 profecto
606 1597 757 1682 cuiquam
775 1597 965 1664 mortalium
980 1601 1075 1682 esset,
1094 1598 1182 1683 quod

164 1702 197 1752 ιι
215 1688 309 1770 pater
329 1685 434 1751 lilium
458 1707 608 1771 sequerer
630 1691 664 1752 et
688 1690 855 1771 separatae
879 1686 920 1752 ab
945 1686 1008 1753 hoc
1025 1687 1181 1752 lacrimae

71 1800 77 1809 ’
215 1775 369 1858 poterant
390 1773 494 1841 videri
515 1797 582 1841 non
604 1774 647 1841 ad
664 1779 698 1840 te
715 1776 938 1860 pertinere·-
945 1773 1033 1840 :sed
1052 1797 1093 1841 ne
1111 1776 1181 1842 ulla

216 1865 287 1929 arte
307 1863 468 1950 suffugere
487 1863 611 1930 crimen
629 1865 829 1931 accusatorie
848 1885 912 1930 mer
902 1863 1051 1949 videar,
1073 1868 1181 1930 toturn

215 1949 287 2037 hoc,
311 1952 396 2038 quod
410 1953 593 2038 obicitur,
582 1973 728 2056 raugam,
757 1953 911 2018 lacrimae
926 1957 1002 2018 sunt
1020 1953 1055 2018 in
1078 1954 1181 2039 culpa.

215 2039 278 2105 fleo
301 2035 442 2109 fortasse
465 2063 678 2128 supervacua:
701 2042 748 2107 sic
771 2063 822 2107 me
846 2040 1097 2109 consolaris?
1071 2064 1117 2109 arc
1135 2043 1181 2108 le·

163 2147 198 2196 ao
218 2129 338 2196 crimes
360 2135 419 2216 pat
420 2131 539 2197 rietur
489 2130 687 2198 tuisiccas?
711 2129 852 2196 flendum
871 2131 952 2196 mihi
969 2129 1066 2198 hodie
1086 2130 1181 2216 foret,

218 2219 347 2286 etiamsi
369 2221 432 2288 hoc
454 2223 551 2286 antea
573 2241 639 2286 non
661 2218 819 2287 fecissem

613 2395 790 2464 SERMO.

283 2519 369 2588 Nolo
402 2523 574 2607 quisquam
602 2543 653 2587 me
680 2521 909 2606 reprehendat,
935 2526 1104 2607 tamquam
1126 2543 1182 2587 vo·

216 2609 268 2674 bia
300 2611 389 2677 locos
422 2631 489 2677 non
520 2607 602 2677 dem.
656 2611 685 2676 si
717 2611 875 2695 ampliare
911 2609 1181 2677 declamationem

163 2717 198 2768 ct
217 2697 334 2763 voletis
357 2703 390 2763 et
412 2699 579 2785 ingenium
603 2719 764 2782 exercere,
791 2698 904 2763 dicetis
934 2698 1021 2784 qnod
1044 2699 1086 2765 ad
1108 2721 1181 2766 cau·

216 2807 290 2851 sam
315 2786 412 2851 huius
440 2786 668 2872 nullomodo,
701 2785 742 2851 ad
774 2786 1020 2854 delectationem
1054 2789 1180 2856 aurium

215 2873 356 2940 fortasse
378 2875 550 2958 pertineat.

290 3067 1182 3210 1<qnam)rierlllvitaaom.Bl7perlu18separa-

216 3139 270 3197 tim
288 3143 333 3224 El
352 3147 385 3196 16
403 3141 533 3211 poteram
552 3145 601 3194 ΔΒ
615 3143 625 3210 ΙΙ
639 3140 688 3196 sed
705 3141 822 3196 nullan
858 3147 878 3194 1’
916 3147 949 3196 19
969 3143 1127 3198 consulares
1140 3147 1164 3195 Α

217 3217 253 3340 ἐξ
271 3211 478 3354 pteianmnespcpla
493 3214 504 3283 l
521 3218 556 3268 al
575 3212 600 3268 ai
617 3229 668 3270 om.
687 3217 707 3266 B
726 3215 736 3284 p
755 3217 789 3268 25
808 3211 905 3269 volens
922 3215 967 3282 ³l
984 3211 1104 3270 dicentis
1122 3217 1163 3266 Ab
