2640 3968
383 165 699 223 victimationes.
718 165 846 224 convii.
1042 168 1088 232 49

436 363 775 432 DECLAMATIO.

192 488 229 556 Si
257 452 298 556 ab
328 489 392 555 alio
420 488 606 574 redemptus
635 493 721 556 esset
748 492 841 574 pater
868 490 943 572 (et)
966 463 1090 577 statim,

126 583 162 644 ut
185 578 326 644 redisset
349 599 369 644 a
391 578 585 663 gravissima
607 577 748 660 fortuna,
779 580 839 660 [et]
864 579 1014 646 abdicare
1036 602 1089 646 me

126 666 336 750 instituisset,
363 665 503 733 dioerem
530 670 653 733 tamen:
685 665 763 751 quid
790 667 877 734 intra
900 672 969 738 tam
992 668 1088 734 breve

13 771 16 818 ῖ
127 759 256 841 tempus
281 754 452 822 commisi?
475 755 552 840 quid
574 760 644 823 tam
667 756 824 822 soolerate
847 778 867 822 a
890 778 941 822 me
964 756 1123 824 faetumo

126 847 185 928 est,
208 849 247 910 ut
264 844 314 910 ira
335 843 438 928 patris
457 844 662 930 praecederet
682 845 790 930 ipsam
812 845 1088 929 gratulationem?

126 953 215 1000 nuno
237 936 363 998 eertum
380 931 493 1016 habeo,
516 933 652 1018 indigna
669 933 827 1017 quaedam
844 938 1012 1018 expectare
1030 957 1089 1002 vos

126 1021 282 1106 facinora,
304 1042 379 1088 oum
401 1021 570 1088 abdieetur
586 1022 683 1105 filius,
705 1022 762 1105 qui
779 1021 923 1088 redemit.
955 1024 1088 1090 estsine

126 1110 225 1178 dubio
244 1108 333 1176 istud
347 1129 415 1175 non
432 1131 542 1178 meum
555 1110 757 1195 benefioium,
775 1115 808 1176 et
822 1131 916 1177 omne
930 1112 1089 1198 redempti

126 1199 232 1284 patris
259 1220 377 1264 munus
401 1199 442 1264 ad
470 1220 616 1266 soeerum
643 1198 737 1265 redit.
782 1219 844 1284 ego
866 1204 978 1266 tamen
999 1202 1142 1268 navi-10

127 1288 218 1374 gavi,
241 1306 305 1372 ego
327 1287 510 1371 perieulosa
532 1288 635 1354 maria
656 1288 823 1373 ingressus
847 1310 928 1372 sum,
951 1293 989 1354 ut
1006 1291 1090 1356 redi-

127 1397 251 1443 merem
283 1380 426 1462 patrem,
453 1376 724 1460 quemadmodum
755 1377 865 1460 ipsum
887 1376 1002 1444 dieere
1034 1400 1091 1444 au·

128 1465 236 1548 distie;
269 1464 428 1548 quaedam
459 1465 559 1531 etiam
589 1486 658 1540 non
682 1464 839 1547 potienda
864 1486 981 1550 passus
1009 1487 1090 1532 sum.

128 1552 219 1630 Quae
248 1553 278 1617 ei
304 1552 390 1620 ratio
419 1551 633 1622 abdicationis
662 1550 733 1619 est?
769 1552 864 1637 „Non
893 1554 1090 1640 obsequeris,

127 1641 247 1726 inquit,
272 1639 380 1706 mihi.“
905 1679 907 1682 ·
1110 1659 1143 1710 15

195 1727 232 1796 Si
259 1729 322 1796 hoo
349 1729 388 1796 ad
419 1729 634 1796 abdieandum
657 1730 738 1796 satis
761 1735 860 1814 esset,
892 1753 1091 1816 supervacua

129 1823 223 1886 erant
237 1819 370 1884 omnino
385 1818 504 1885 iudieia
519 1819 586 1884 ista
609 1841 667 1884 eur
682 1819 771 1886 enim
784 1820 879 1886 nobis
895 1820 1091 1888 defensionis

129 1910 327 1992 potestatem
350 1906 494 1990 dedistis,
524 1908 552 1973 si
575 1903 659 1972 nihil
682 1908 803 1974 nostris
826 1909 969 1976 consiliis
993 1908 1092 1976 liber-

128 1997 208 2062 tatis
230 1996 382 2062 reliotum
406 1995 478 2062 est?
502 1996 587 2061 servi
609 2016 660 2061 me
678 1996 810 2063 heroule
832 1997 991 2081 quaedam
1014 1998 1091 2064 libe·

128 2085 197 2150 rius
222 2106 263 2150 ex
285 2084 372 2151 bona
394 2087 506 2150 mente
526 2083 660 2169 fatiunt,
682 2087 716 2151 et
739 2085 915 2169 aliquando
937 2086 1091 2153 indicium
1110 2081 1144 2153 ab

129 2172 206 2240 fidei
232 2175 350 2257 putant
380 2173 485 2256 pretio
514 2175 624 2257 empta
652 2174 816 2258 manoipia
842 2196 909 2241 non
936 2174 1092 2258 paruisse.

131 2259 215 2328 lilios
243 2283 321 2327 uero
347 2262 419 2346 quis
447 2260 611 2328 dubitavit
632 2283 786 2346 umquam
809 2284 880 2330 esse
902 2264 1092 2349 plerumque

17 2406 21 2415 .
132 2371 208 2417 suae
236 2349 431 2435 potestatis?
467 2353 506 2416 ut
529 2371 567 2417 ea
589 2354 807 2436 praeteream,
835 2373 917 2435 quae
940 2352 1001 2418 sub
1024 2356 1093 2421 tam

104 2437 217 2506 bono
246 2442 340 2523 patre
367 2460 409 2504 ne
435 2440 618 2524 argumenti
645 2439 776 2524 quidem
803 2460 901 2506 eausa
923 2440 1092 2508 referenda

134 2532 218 2612 sunt,
241 2549 302 2594 nee
324 2527 439 2612 dieam,
460 2548 545 2594 >non
567 2547 662 2614 eoges
683 2529 807 2612 templa
824 2528 1004 2612 incendere,
1026 2551 1094 2596 non
1111 2545 1146 2596 at

132 2636 229 2701 ooges
267 2615 419 2700 operibus
449 2616 587 2700 publicis
620 2637 736 2682 manus
769 2615 930 2682 adsonat:
970 2617 1094 2686 leviora

132 2707 219 2770 eerte
247 2707 379 2770 nostrae
406 2705 602 2771 maturitatis
629 2725 700 2772 esse
726 2704 937 2772 manifestum
966 2709 1029 2790 est,
1057 2711 1094 2771 ut

133 2793 330 2860 sententiam
352 2791 474 2860 iudiees
496 2792 602 2860 dioere
624 2793 751 2878 (liceat,
773 2794 923 2877 qualem>
946 2795 1093 2879 velimus,

203 3025 220 3074 2
240 3017 310 3094 (et)
328 3019 365 3075 Pt
382 3021 392 3091 ΙΙ
411 3026 427 3075 8
447 3020 500 3092 [et]
521 3020 582 3092 Pili
597 3027 630 3076 13
648 3020 778 3076 facienda
796 3025 858 3086 ΑΒ,
877 3037 946 3077 corr.
966 3021 1031 3088 Aer,
1049 3019 1092 3078 ia-

13 3067 18 3087 ”
133 3091 219 3146 anda
238 3091 292 3146 aas
305 3093 314 3162 ιι
330 3097 363 3147 ro
382 3091 419 3146 se
437 3108 487 3149 om.
506 3095 552 3162 sp
568 3095 600 3147 ιι
620 3093 713 3147 omniu
730 3095 777 3161 sp
789 3093 852 3162 ipsa
870 3096 928 3158 sa,
946 3091 1094 3162 correctis

136 3167 168 3216 19
194 3162 307 3218 Bonae
336 3162 572 3218 eonscientiae
599 3162 766 3218 indicium
792 3179 866 3218 esse
891 3163 1093 3218 libertatem

134 3235 225 3304 Atti
245 3231 431 3307 (im>putant
449 3235 483 3302 (2)
503 3233 544 3288 Gr
557 3235 566 3302 ll
580 3238 614 3288 22
633 3249 713 3289 veros
731 3237 752 3286 B
775 3236 784 3303 ΙΙ
806 3239 841 3288 23
860 3235 902 3289 nti
920 3249 954 3289 ea
972 3237 1095 3304 praeter-

134 3319 223 3373 eaque
241 3303 293 3358 sub
312 3305 404 3374 ΒΗΘ
422 3309 507 3359 manfr
534 3307 625 3373 31127
645 3303 847 3360 mediocritatis
866 3307 922 3372 AB,
941 3320 1009 3360 corr.
1033 3305 1095 3371 Ro,

131 3389 288 3444 preposterus
306 3374 484 3430 austeritatis
503 3377 543 3431 ool
557 3375 603 3445 (of.
614 3376 697 3430 tudio.
709 3374 742 3441 Ι)
754 3374 893 3430 libertatis
907 3376 916 3443 ΙΙ
930 3380 965 3430 28
981 3374 1095 3448 (liceat,

135 3443 268 3519 qualem>
287 3444 331 3501 Ro

187 3543 329 3596 Quintiliani
344 3544 409 3596 decl..
423 3544 458 3586 ed.
471 3544 553 3585 Ritter.
918 3538 935 3585 4
