2640 3968
386 153 703 216 Duculmuulorrua
722 155 837 216 oculx.
1053 157 1097 224 55

236 423 376 510 Pauper
399 315 808 510 neumagoaiehllliidratur,
833 424 999 496 nrarltus.

136 545 237 618 Divae
261 571 334 618 eum
358 549 461 616 amieo
484 571 625 636 paupere
648 553 681 618 et
704 550 772 621 lilia
794 549 983 640 navigabat.
1019 575 1098 622 nau-

227 635 369 724 fragium
391 637 482 724 ieait3
506 637 623 706 extulit
645 637 748 708 filiam
761 637 871 711 divitie
885 661 1016 727 pauper.
1048 663 1099 710 ru·

228 749 300 796 mor
323 730 402 814 erat,
425 748 496 794 eam
519 731 695 813 nupturam
714 727 841 796 auidam
859 727 962 798 nobili
980 728 1098 798 iuveni.
1118 743 1134 795 t

229 815 368 900 quodem
404 820 552 902 tempora
588 817 620 882 iu
657 814 753 884 domo
791 815 901 886 divitie
939 819 1099 887 tumultus

228 903 304 972 fuit:
336 901 462 972 inventi
490 906 565 972 suut
598 925 661 974 una
693 926 816 991 pauper
844 909 877 974 et
904 905 1024 991 puella3
1058 907 1098 974 ab

228 995 364 1080 utroque
396 991 518 1060 dietum
546 996 597 1061 eet
624 991 775 1061 vitiatam
801 993 953 1082 puellam.
1002 996 1099 1082 impe-

228 1079 313 1152 ravit
340 1080 427 1150 filiae
454 1081 558 1166 dives,
586 1084 623 1149 ut
645 1082 777 1169 nuptiae
801 1087 939 1170 optaret.
984 1083 1100 1154 edueta

225 1169 269 1240 ad
287 1169 517 1260 magistratum
536 1170 671 1257 optavit.
699 1174 812 1257 postea
826 1172 984 1258 comperit
998 1171 1098 1257 diuae,
1119 1188 1152 1238 10

227 1279 291 1329 uon
316 1280 387 1326 aeae
410 1257 560 1328 vitiatam
583 1258 735 1345 puellam.
771 1260 919 1346 imperat,
942 1264 979 1330 ut
1001 1261 1098 1332 relin-

228 1351 308 1434 quat
338 1369 526 1436 pauperem3
558 1347 724 1417 nolentem
753 1348 932 1435 relinquere
961 1349 1099 1418 abdicat.

530 1521 703 1597 SERMO.

205 1646 244 1714 Iu
272 1647 423 1716 omuibus
454 1646 582 1734 quidem
614 1647 829 1719 abdiuatienis
860 1650 1100 1732 controversiis,

135 1739 300 1824 quatemus
337 1757 398 1823 pro
435 1736 546 1808 liberie
578 1735 731 1822 dioimue,
766 1737 941 1804 summiaea
971 1737 1102 1806 debebit
1122 1751 1154 1806 tt

137 1847 210 1894 aeae
239 1825 340 1911 aetio,
372 1829 405 1892 et
430 1823 648 1893 eatiaiaetieui
677 1825 801 1894 similis.
847 1824 885 1892 Iu
908 1825 970 1894 bae
991 1831 1102 1894 tamen

137 1914 361 1982 aonmerereia
386 1913 474 1980 istud
503 1913 670 2001 aliquanao
698 1914 803 2002 magis
827 1914 1018 1982 narrandum
1041 1919 1100 1982 aet.

137 2023 215 2069 uam
240 2005 274 2070 et
295 2001 366 2070 iilia
389 2007 451 2087 eet,
477 2021 561 2088 quaa
584 2001 766 2087 abdieatur,
794 2004 828 2070 et
849 2001 903 2070 hie
926 2007 1020 2090 pater
1043 2003 1101 2070 ali·

138 2089 219 2178 quid
246 2091 346 2158 etiam
373 2090 451 2158 boui
481 2095 515 2158 et
541 2090 707 2158 elementia
736 2091 796 2157 viri
824 2089 914 2166 lauit,
943 2096 976 2160 et
1006 2092 1101 2160 nobis

140 2180 350 2265 tutiraimum,
372 2179 422 2246 uti
445 2179 505 2246 hau
529 2179 628 2246 etiam
652 2179 808 2246 bonitate.
1121 2195 1155 2246 uo

451 2352 790 2424 DECLAMATIO.

207 2478 283 2546 Nou
311 2477 439 2566 ignoro,
470 2477 606 2566 iudices,
638 2483 795 2567 quantum
823 2499 939 2547 caueae
970 2483 1102 2547 nostrae

142 2567 248 2636 oneris
278 2565 409 2635 accedat
437 2587 476 2636 ex
498 2587 637 2654 persona
661 2567 855 2648 abdicantis,
882 2589 948 2634 uon
970 2571 1103 2654 propter

141 2655 221 2722 illud
245 2676 424 2742 commune,
447 2653 531 2743 quod
555 2659 648 2744 pater
671 2659 732 2723 eet:
757 2653 811 2722 sed
835 2653 920 2739 quod
944 2659 1036 2745 pater
1057 2656 1104 2722 iu·
1180 2695 1194 2722 .

142 2743 423 2832 dulgentieeimus,
458 2743 579 2811 amicus
618 2745 773 2833 optimus,
810 2744 938 2810 etiamsi
972 2743 1099 2832 quando
1121 2757 1157 2810 aa

143 2832 293 2901 iniuriam
308 2833 468 2920 accepisse
486 2831 623 2918 ridetur,
642 2831 845 2901 mitissimus.
867 2831 982 2920 Itaque
1000 2833 1103 2919 prius·

142 2941 240 3006 quam
258 2921 479 2989 defensionem
499 2921 716 3010 adgredimur,
734 2921 847 2989 iubae
866 2919 1103 2989 satisfaciemus

143 3011 251 3078 auimo
275 3013 398 3094 norbo,
422 3013 458 3078 ut
481 3010 606 3096 gratiae
630 3007 765 3100 agamue'
788 3013 866 3077 ante
889 3009 998 3078 omnia
1016 3008 1104 3076 filiae

143 3099 283 3166 uomina.
322 3120 419 3188 quam
443 3099 490 3165 eiu
514 3101 650 3186 amavit,
677 3102 714 3166 ut
738 3119 810 3168 eam
834 3097 941 3168 diduci
963 3119 984 3164 a
1007 3119 1041 3164 se
1063 3117 1104 3164 ne

142 3187 355 3275 aurigaturus
387 3188 516 3273 quidem
550 3187 703 3272 voluerit3
735 3187 787 3256 eui
822 3186 862 3254 ad
894 3186 1104 3273 magistratus

144 3447 173 3490 ω
188 3362 355 3490 ⁰tmplrbjoru.
375 3366 395 3415 Β
418 3365 428 3434 ll
451 3361 554 3420 vitiata
571 3361 704 3434 puella!
727 3361 737 3430 ll
762 3364 796 3416 to
813 3359 980 3431 magistrum
999 3363 1019 3414 2
1041 3363 1050 3432 l
1073 3363 1103 3415 lt

175 3451 186 3489 a
268 3475 273 3490 .
