2668 3968
381 142 698 202 ouonsnsmonns.
719 142 871 201 oonxxv.
1044 144 1108 212 125

144 307 249 376 nonis.
290 329 402 376 verum
426 307 527 374 etiem
550 307 579 374 si
602 307 632 372 ei
656 329 783 392 quoque
805 310 971 392 tenentur,
994 308 1109 393 quiin

146 418 286 481 poenum
309 396 476 464 commissi
500 395 652 462 edulterii
673 397 846 482 peouniem
866 395 1056 481 eoeeperint,
1078 397 1108 464 is

145 489 285 568 tenetur,
309 485 365 570 qui
382 486 552 570 peeuniem
575 485 709 569 eooepit.
737 485 773 554 in
796 505 871 553 mee
887 507 985 553 oense
999 489 1108 552 omum

146 575 338 642 contendis?
374 574 546 660 peeuuiem
573 594 625 640 me
658 573 834 660 eooepisse,
865 595 938 640 oum
966 573 1108 640 dimitte·

146 663 236 732 rem?
258 684 326 730 non
347 663 512 748 prebebis.
545 663 667 748 otioqui
685 663 715 729 si
732 664 795 728 hoo
813 665 946 747 putares
965 683 1036 730 esse
1055 684 1108 747 pe-
1128 679 1143 732 o

147 752 275 821 ennium
295 752 447 838 eooipere,
468 750 612 820 ebdioeri
630 751 774 835 fratrem,
795 752 909 818 stetim
927 751 1108 822 detulisses.

145 847 262 927 postes
281 841 406 920 videbo,
426 863 491 926 que
509 861 606 907 oense
624 839 777 908 dimissus
797 840 854 909 sit:
875 840 1006 908 interim
1024 861 1109 926 nego

146 929 208 998 hoo
235 951 306 996 esse
334 930 506 1016 peounium
533 929 685 1013 uooipere.
737 929 808 996 sine
835 929 934 998 dubio
963 932 1014 994 est
1040 933 1109 996 tum

146 1017 364 1121 menifestum,
386 1023 428 1122 ut·
439 1018 537 1088 ,nulle
555 1018 825 1104 interpretatione
843 1022 948 1104 egent,
970 1018 1048 1104 quid
1066 1019 1109 1084 rit

146 1128 291 1262 diti?
309 1129 508 1281 tttttt,
537 1106 1110 1281 ttttttttttfttttt
1129 1123 1162 1176 ¹⁰

147 1283 279 1371 quidem
306 1286 462 1371 peouniee
492 1286 646 1351 oblatum.
692 1285 768 1369 quid
796 1281 882 1350 enim
910 1283 994 1349 mihi
1014 1283 1110 1369 polli-

146 1373 231 1439 oitus
263 1376 313 1439 est
344 1374 461 1460 peter?
507 1375 535 1442 si
566 1373 775 1456 dimisissem,
797 1354 953 1439 iuturum
984 1376 1022 1438 ut
1053 1373 1110 1438 eb-

145 1461 270 1529 dioeret
296 1466 431 1531 fretrem
454 1483 571 1528 meum.
616 1461 767 1529 heredem
790 1463 987 1528 testamento
1011 1462 1109 1526 etiem

146 1572 348 1706 euffihppem
373 1550 665 1704 elbdioossetssdquipi
682 1548 1010 1705 raptebethfingtitup?
1032 1548 1162 1704 1vqel>1t

146 1659 185 1705 su
290 1661 363 1704 rm
402 1661 496 1706 ooum
524 1663 544 1705 e
588 1661 639 1705 roe
720 1660 788 1705 rum
836 1659 891 1704 ere
914 1657 965 1703 ern
1067 1659 1110 1704 on

144 1749 280 1812 possum
296 1749 394 1814 'ergo
425 1729 528 1795 videri
563 1731 696 1814 propter
730 1728 901 1812 peouniem
938 1725 1109 1812 dimisisse,

148 1817 280 1883 etiamsi
301 1822 436 1902 propter
458 1817 519 1884 hoo
543 1820 673 1883 tentum
696 1817 906 1883 dimisissem:
929 1838 1014 1882 nuno
1033 1838 1108 1883 vero

145 1927 244 1991 quem
272 1906 376 1973 multe
397 1906 542 1991 fuerunt,
571 1909 705 1990 propter
728 1927 810 1991 quee
833 1903 1052 1972 dimitterem?
1081 1905 1110 1970 si

146 1993 209 2060 hoo
227 1997 356 2065 tentum
375 2016 427 2061 me
445 1995 557 2080 movit,
581 1993 666 2080 quod
685 1995 788 2063 freter
807 1998 890 2062 erut:
914 1997 985 2061 eret
997 1997 1109 2060 temen
1128 2010 1162 2062 20

148 2081 229 2150 setis
251 2083 350 2170 plene
372 2081 530 2168 defensi03
554 2087 586 2150 et
610 2082 697 2186 quod
715 2084 822 2151 minor
840 2083 950 2168 freter,
974 2086 1006 2148 et
1023 2082 1109 2168 quod

147 2171 207 2238 sub
239 2178 334 2258 putre
365 2173 480 2240 freter:
513 2176 550 2240 ut
582 2171 712 2240 etiamsi
746 2171 810 2260 ipsi
837 2194 904 2238 non
934 2192 1109 2258 perderem,

147 2264 260 2328 tamen
285 2265 321 2346 et
349 2262 453 2346 petris
477 2265 510 2328 et
532 2284 605 2328 mee
629 2283 727 2328 reuse
749 2283 814 2328 non
838 2260 1004 2327 debuerim
1027 2259 1108 2326 eooi-

148 2347 231 2415 dere.
267 2371 351 2416 nuno
376 2371 453 2416 vero
477 2350 549 2435 quis
573 2350 700 2418 dubitet
723 2349 850 2417 exorari
874 2371 926 2416 me
950 2347 1109 2434 debuisse,

147 2459 220 2506 oum
256 2441 350 2524 peter
386 2438 534 2524 peteret?
580 2442 731 2526 putemus
767 2437 850 2506 nihil
880 2441 1008 2522 petrem
1039 2459 1109 2504 esse
1128 2454 1162 2503 st

145 2525 342 2613 pollicitum,
373 2525 498 2594 nullum
525 2527 605 2594 mihi
628 2527 784 2594 ultionem
807 2526 1000 2612 promisisset
1037 2526 1109 2611 quis

146 2637 213 2682 non
240 2615 375 2701 impium
402 2637 468 2697 me,
500 2617 573 2702 quis
600 2637 667 2683 non
697 2615 888 2682 seelerutum
911 2616 1053 2699 putaret,
1081 2613 1110 2680 si

146 2726 214 2771 non
245 2704 474 2789 impetrasset?
528 2727 614 2772 nuno
650 2726 726 2770 vero
762 2703 913 2790 promisit
951 2702 1110 2768 ultionem

148 2792 340 2880 pleniorem,
372 2789 509 2880 integris
533 2793 762 2880 inviolatisque
789 2791 940 2876 menibus
968 2791 1049 2858 meis
1077 2794 1109 2858 ot

219 3009 233 3057 1
254 3002 279 3059 si
297 3001 343 3060 hio
362 3021 409 3074 qu.
429 3007 465 3071 Δ,
484 3002 528 3058 sui
545 3020 591 3073 qu.
610 3007 630 3058 B
650 3006 693 3074 112
712 3002 897 3073 *eooeperunt
915 3001 953 3072 (ἓ)
967 3003 1007 3070 114
1025 3017 1109 3070 pseu-

147 3072 196 3130 nie
213 3090 279 3130 mee
296 3089 352 3130 eoo.
370 3079 394 3127 A
416 3077 425 3146 ΙΙ
450 3082 465 3130 t
484 3074 592 3146 puteris
610 3078 659 3127 n
682 3076 691 3146 ΙΙ
714 3080 731 3128 t
750 3072 907 3128 distulisses
925 3077 973 3125 ΔΒ
987 3073 997 3144 ΙΙ
1017 3076 1049 3126 18
1068 3069 1109 3126 di-

149 3143 304 3200 misseme
331 3147 340 3217 lt
370 3151 403 3200 14
425 3145 540 3201 fretrem
559 3163 596 3199 m.
614 3143 642 3199 h.
661 3148 682 3200 t.
702 3160 725 3200 e.
746 3160 768 3198 e.
788 3161 815 3213 q.
836 3143 899 3199 ebd.
919 3147 1011 3198 oon
1039 3143 1048 3211 ΙΙ
1077 3146 1109 3197 15

148 3212 297 3287 <instituit
317 3216 383 3291 vel)
401 3217 438 3272 Pi
456 3219 465 3289 ΙΙ
485 3222 516 3272 16
536 3213 649 3272 sustitui
666 3219 744 3270 Μ
761 3215 770 3284 tt
790 3219 853 3342 (pn
866 3216 876 3284 ss
894 3215 1045 3274 herendem
1063 3217 1087 3265 A
1100 3215 1109 3283 ΙΙ

150 3290 183 3342 18
200 3305 242 3356 pr.
262 3287 385 3344 iooutem
404 3289 447 3358 ‘ii
466 3287 640 3345 demisissem
657 3287 788 3368 1137!ss
822 3302 876 3340 uno
895 3286 939 3356 Bu
953 3284 978 3340 si
994 3288 1111 3368 propter

148 3356 214 3498 Ἠ.
227 3358 422 3488 gdrrliuiiibm
440 3363 481 3414 As
501 3359 510 3428 ΙΙ
532 3364 566 3414 28
585 3357 647 3416 deb.
667 3373 794 3428 soorpere
811 3362 833 3410 B
852 3359 860 3428 i
881 3362 916 3414 26
935 3356 1109 3428 praestitisse
