<?xml version="1.0" encoding="UTF-8"?>
<!DOCTYPE html PUBLIC "-//W3C//DTD XHTML 1.0 Transitional//EN"
    "http://www.w3.org/TR/xhtml1/DTD/xhtml1-transitional.dtd">
<html xmlns="http://www.w3.org/1999/xhtml" xml:lang="en" lang="en">
 <head>
  <title>
</title>
<meta http-equiv="Content-Type" content="text/html;charset=utf-8" />
  <meta name='ocr-system' content='tesseract 3.04.00' />
  <meta name='ocr-capabilities' content='ocr_page ocr_carea ocr_par ocr_line ocrx_word'/>
</head>
<body>
  <div class='ocr_page' id='page_1' title='image "./mfabiiquintilia02rittgoog_0131.png"; bbox 0 0 2668 3968; ppageno 0'>
   <div class='ocr_carea' id='block_1_1' title="bbox 238 139 833 206">
    <p class='ocr_par' dir='ltr' id='par_1_1' title="bbox 238 139 833 206">
     <span class='ocr_line' id='line_1_1' title="bbox 238 139 833 206; baseline -0.002 -10"><span class='ocrx_word' id='word_1_1' title='bbox 238 141 282 206; x_wconf 86' lang='lat'><strong>90</strong></span> <span class='ocrx_word' id='word_1_2' title='bbox 603 139 833 206; x_wconf 78' lang='lat' dir='ltr'><strong>QUiNTILIANI</strong></span> 
     </span>
    </p>
   </div>
   <div class='ocr_carea' id='block_1_2' title="bbox 204 303 1201 1007">
    <p class='ocr_par' dir='ltr' id='par_1_2' title="bbox 204 303 1201 1007">
     <span class='ocr_line' id='line_1_2' title="bbox 237 303 1200 389; baseline 0 -21"><span class='ocrx_word' id='word_1_3' title='bbox 237 324 320 388; x_wconf 88' lang='lat' dir='ltr'><strong>quae</strong></span> <span class='ocrx_word' id='word_1_4' title='bbox 343 325 395 367; x_wconf 88' lang='lat' dir='ltr'><strong>mc</strong></span> <span class='ocrx_word' id='word_1_5' title='bbox 417 304 596 389; x_wconf 74' lang='lat' dir='ltr'><strong>tetigerant</strong></span> <span class='ocrx_word' id='word_1_6' title='bbox 620 303 834 388; x_wconf 83' lang='lat' dir='ltr'><strong>suspiciones,</strong></span> <span class='ocrx_word' id='word_1_7' title='bbox 856 303 1020 387; x_wconf 88' lang='lat' dir='ltr'><strong>pertinere</strong></span> <span class='ocrx_word' id='word_1_8' title='bbox 1044 303 1085 368; x_wconf 86' lang='lat' dir='ltr'><strong>ad</strong></span> <span class='ocrx_word' id='word_1_9' title='bbox 1106 323 1200 386; x_wconf 88' lang='lat' dir='ltr'><strong>prae·</strong></span> 
     </span>
     <span class='ocr_line' id='line_1_3' title="bbox 237 391 1200 477; baseline 0.001 -20"><span class='ocrx_word' id='word_1_10' title='bbox 237 395 363 457; x_wconf 83' lang='lat' dir='ltr'><strong>sentem</strong></span> <span class='ocrx_word' id='word_1_11' title='bbox 390 391 610 458; x_wconf 85' lang='lat' dir='ltr'><strong>defensionem</strong></span> <span class='ocrx_word' id='word_1_12' title='bbox 636 395 732 477; x_wconf 87' lang='lat' dir='ltr'><strong>puto,</strong></span> <span class='ocrx_word' id='word_1_13' title='bbox 766 392 971 458; x_wconf 88' lang='lat' dir='ltr'><strong>securissima</strong></span> <span class='ocrx_word' id='word_1_14' title='bbox 998 413 1034 456; x_wconf 89' lang='lat' dir='ltr'><strong>re</strong></span> <span class='ocrx_word' id='word_1_15' title='bbox 1060 391 1200 475; x_wconf 88' lang='lat' dir='ltr'><strong>publica.</strong></span> 
     </span>
     <span class='ocr_line' id='line_1_4' title="bbox 236 479 1200 565; baseline -0.001 -19"><span class='ocrx_word' id='word_1_16' title='bbox 236 481 339 546; x_wconf 79' lang='lat' dir='ltr'><strong>nescio</strong></span> <span class='ocrx_word' id='word_1_17' title='bbox 362 481 438 565; x_wconf 90' lang='lat' dir='ltr'><strong>quid</strong></span> <span class='ocrx_word' id='word_1_18' title='bbox 461 481 544 546; x_wconf 90' lang='lat' dir='ltr'><strong>illud</strong></span> <span class='ocrx_word' id='word_1_19' title='bbox 561 480 670 564; x_wconf 76' lang='lat' dir='ltr'><strong>fuerit,</strong></span> <span class='ocrx_word' id='word_1_20' title='bbox 693 503 736 545; x_wconf 92' lang='lat' dir='ltr'><strong>an</strong></span> <span class='ocrx_word' id='word_1_21' title='bbox 758 481 872 546; x_wconf 88' lang='lat' dir='ltr'><strong>alienis</strong></span> <span class='ocrx_word' id='word_1_22' title='bbox 891 479 1123 565; x_wconf 80' lang='lat' dir='ltr'><strong>cupiditatibus</strong></span> <span class='ocrx_word' id='word_1_23' title='bbox 1144 479 1200 545; x_wconf 93' lang='lat' dir='ltr'><strong>ob·</strong></span> 
     </span>
     <span class='ocr_line' id='line_1_5' title="bbox 235 568 1201 652; baseline -0.001 -18"><span class='ocrx_word' id='word_1_24' title='bbox 235 569 391 652; x_wconf 90' lang='lat' dir='ltr'><strong>stiterim,</strong></span> <span class='ocrx_word' id='word_1_25' title='bbox 433 569 509 634; x_wconf 92' lang='lat' dir='ltr'><strong>dum</strong></span> <span class='ocrx_word' id='word_1_26' title='bbox 541 591 629 634; x_wconf 91' lang='lat' dir='ltr'><strong>meas</strong></span> <span class='ocrx_word' id='word_1_27' title='bbox 664 570 752 651; x_wconf 69' lang='lat' dir='ltr'><strong>piato.</strong></span> <span class='ocrx_word' id='word_1_28' title='bbox 806 571 917 636; x_wconf 92' lang='lat' dir='ltr'><strong>omnia</strong></span> <span class='ocrx_word' id='word_1_29' title='bbox 947 569 1014 634; x_wconf 90' lang='lat' dir='ltr'><strong>ista</strong></span> <span class='ocrx_word' id='word_1_30' title='bbox 1049 568 1201 634; x_wconf 83' lang='lat' dir='ltr'><strong>absoluta</strong></span> 
     </span>
     <span class='ocr_line' id='line_1_6' title="bbox 204 658 1200 742; baseline -0.005 -15"><span class='ocrx_word' id='word_1_31' title='bbox 204 677 310 727; x_wconf 77' lang='lat' dir='ltr'><strong>cesse</strong></span> <span class='ocrx_word' id='word_1_32' title='bbox 332 658 428 724; x_wconf 87' lang='lat' dir='ltr'><strong>credo</strong></span> <span class='ocrx_word' id='word_1_33' title='bbox 453 678 491 723; x_wconf 93' lang='lat' dir='ltr'><strong>eo</strong></span> <span class='ocrx_word' id='word_1_34' title='bbox 516 660 675 742; x_wconf 87' lang='lat' dir='ltr'><strong>tempore,</strong></span> <span class='ocrx_word' id='word_1_35' title='bbox 702 679 765 742; x_wconf 90' lang='lat' dir='ltr'><strong>quo</strong></span> <span class='ocrx_word' id='word_1_36' title='bbox 793 658 878 723; x_wconf 92' lang='lat' dir='ltr'><strong>inter</strong></span> <span class='ocrx_word' id='word_1_37' title='bbox 905 679 957 722; x_wconf 92' lang='lat' dir='ltr'><strong>me</strong></span> <span class='ocrx_word' id='word_1_38' title='bbox 984 677 1116 741; x_wconf 85' lang='lat' dir='ltr'><strong>remque</strong></span> <span class='ocrx_word' id='word_1_39' title='bbox 1141 680 1200 741; x_wconf 93' lang='lat' dir='ltr'><strong>pu-</strong></span> 
     </span>
     <span class='ocr_line' id='line_1_7' title="bbox 238 745 1201 830; baseline -0.003 -17"><span class='ocrx_word' id='word_1_40' title='bbox 238 747 358 813; x_wconf 88' lang='lat' dir='ltr'><strong>blicam</strong></span> <span class='ocrx_word' id='word_1_41' title='bbox 395 747 559 830; x_wconf 81' lang='lat' dir='ltr'><strong>convenit,</strong></span> <span class='ocrx_word' id='word_1_42' title='bbox 603 751 641 812; x_wconf 87' lang='lat' dir='ltr'><strong>ut</strong></span> <span class='ocrx_word' id='word_1_43' title='bbox 676 746 758 812; x_wconf 86' lang='lat' dir='ltr'><strong>haec</strong></span> <span class='ocrx_word' id='word_1_44' title='bbox 793 747 903 812; x_wconf 89' lang='lat' dir='ltr'><strong>omnia</strong></span> <span class='ocrx_word' id='word_1_45' title='bbox 938 745 1111 812; x_wconf 78' lang='lat' dir='ltr'><strong>memoriae</strong></span> <span class='ocrx_word' id='word_1_46' title='bbox 1148 767 1201 810; x_wconf 87' lang='lat' dir='ltr'><strong>ex·</strong></span> 
     </span>
     <span class='ocr_line' id='line_1_8' title="bbox 240 834 1201 920; baseline -0.004 -18"><span class='ocrx_word' id='word_1_47' title='bbox 240 836 394 919; x_wconf 79' lang='lat' dir='ltr'><strong>siderent,</strong></span> <span class='ocrx_word' id='word_1_48' title='bbox 424 840 548 901; x_wconf 87' lang='lat' dir='ltr'><strong>utnon</strong></span> <span class='ocrx_word' id='word_1_49' title='bbox 570 834 612 900; x_wconf 86' lang='lat' dir='ltr'><strong>ad</strong></span> <span class='ocrx_word' id='word_1_50' title='bbox 635 835 736 920; x_wconf 83' lang='lat' dir='ltr'><strong>leges,</strong></span> <span class='ocrx_word' id='word_1_51' title='bbox 765 856 831 901; x_wconf 91' lang='lat' dir='ltr'><strong>non</strong></span> <span class='ocrx_word' id='word_1_52' title='bbox 861 835 903 900; x_wconf 89' lang='lat' dir='ltr'><strong>ad</strong></span> <span class='ocrx_word' id='word_1_53' title='bbox 927 834 1036 899; x_wconf 88' lang='lat' dir='ltr'><strong>odium</strong></span> <span class='ocrx_word' id='word_1_54' title='bbox 1061 834 1201 918; x_wconf 86' lang='lat' dir='ltr'><strong>pertine-</strong></span> 
     </span>
     <span class='ocr_line' id='line_1_9' title="bbox 240 922 1200 1007; baseline -0.002 -19"><span class='ocrx_word' id='word_1_55' title='bbox 240 927 327 988; x_wconf 86' lang='lat' dir='ltr'><strong>rent:</strong></span> <span class='ocrx_word' id='word_1_56' title='bbox 362 927 440 988; x_wconf 90' lang='lat' dir='ltr'><strong>tunc</strong></span> <span class='ocrx_word' id='word_1_57' title='bbox 472 926 557 988; x_wconf 87' lang='lat' dir='ltr'><strong>certe</strong></span> <span class='ocrx_word' id='word_1_58' title='bbox 590 923 787 990; x_wconf 88' lang='lat' dir='ltr'><strong>laudabatis.</strong></span> <span class='ocrx_word' id='word_1_59' title='bbox 841 922 898 988; x_wconf 88' lang='lat' dir='ltr'><strong>sad</strong></span> <span class='ocrx_word' id='word_1_60' title='bbox 930 922 1200 1007; x_wconf 85' lang='lat' dir='ltr'><strong>quemadmodum</strong></span> 
     </span>
    </p>
   </div>
   <div class='ocr_carea' id='block_1_3' title="bbox 241 1011 1325 1096">
    <p class='ocr_par' dir='ltr' id='par_1_3' title="bbox 241 1011 1325 1096">
     <span class='ocr_line' id='line_1_10' title="bbox 241 1011 1325 1096; baseline -0.002 -19"><span class='ocrx_word' id='word_1_61' title='bbox 241 1011 326 1096; x_wconf 91' lang='lat' dir='ltr'><strong>apud</strong></span> <span class='ocrx_word' id='word_1_62' title='bbox 348 1034 406 1076; x_wconf 84' lang='lat' dir='ltr'><strong>vos</strong></span> <span class='ocrx_word' id='word_1_63' title='bbox 429 1011 660 1077; x_wconf 85' lang='lat' dir='ltr'><strong>moderationis</strong></span> <span class='ocrx_word' id='word_1_64' title='bbox 684 1012 808 1078; x_wconf 83' lang='lat' dir='ltr'><strong>famam</strong></span> <span class='ocrx_word' id='word_1_65' title='bbox 830 1015 1026 1077; x_wconf 87' lang='lat' dir='ltr'><strong>consecutus</strong></span> <span class='ocrx_word' id='word_1_66' title='bbox 1049 1033 1131 1094; x_wconf 85' lang='lat' dir='ltr'><strong>sum,</strong></span> <span class='ocrx_word' id='word_1_67' title='bbox 1153 1011 1202 1076; x_wconf 93' lang='lat' dir='ltr'><strong>ita</strong></span> <span class='ocrx_word' id='word_1_68' title='bbox 1324 1039 1325 1046; x_wconf 45' lang='lat'>¹</span> 
     </span>
    </p>
   </div>
   <div class='ocr_carea' id='block_1_4' title="bbox 187 1098 1202 2337">
    <p class='ocr_par' dir='ltr' id='par_1_4' title="bbox 188 1098 1202 1540">
     <span class='ocr_line' id='line_1_11' title="bbox 188 1098 1199 1185; baseline -0.006 -16"><span class='ocrx_word' id='word_1_69' title='bbox 188 1120 221 1169; x_wconf 88' lang='lat'><strong>10</strong></span> <span class='ocrx_word' id='word_1_70' title='bbox 240 1100 324 1184; x_wconf 93' lang='lat' dir='ltr'><strong>apud</strong></span> <span class='ocrx_word' id='word_1_71' title='bbox 360 1121 412 1164; x_wconf 89' lang='lat' dir='ltr'><strong>me</strong></span> <span class='ocrx_word' id='word_1_72' title='bbox 448 1100 556 1184; x_wconf 88' lang='lat' dir='ltr'><strong>ipsum</strong></span> <span class='ocrx_word' id='word_1_73' title='bbox 586 1100 668 1164; x_wconf 88' lang='lat' dir='ltr'><strong>haec</strong></span> <span class='ocrx_word' id='word_1_74' title='bbox 705 1121 832 1184; x_wconf 88' lang='lat' dir='ltr'><strong>quoque</strong></span> <span class='ocrx_word' id='word_1_75' title='bbox 865 1101 973 1185; x_wconf 80' lang='lat' dir='ltr'><strong>gravis</strong></span> <span class='ocrx_word' id='word_1_76' title='bbox 1005 1098 1199 1166; x_wconf 87' lang='lat' dir='ltr'><strong>verecundia</strong></span> 
     </span>
     <span class='ocr_line' id='line_1_12' title="bbox 240 1184 1202 1273; baseline 0 -20"><span class='ocrx_word' id='word_1_77' title='bbox 240 1189 348 1254; x_wconf 86' lang='lat' dir='ltr'><strong>animo</strong></span> <span class='ocrx_word' id='word_1_78' title='bbox 380 1187 460 1272; x_wconf 88' lang='lat' dir='ltr'><strong>fuit,</strong></span> <span class='ocrx_word' id='word_1_79' title='bbox 496 1184 582 1273; x_wconf 90' lang='lat' dir='ltr'><strong>quod</strong></span> <span class='ocrx_word' id='word_1_80' title='bbox 614 1187 748 1253; x_wconf 84' lang='lat' dir='ltr'><strong>videbar</strong></span> <span class='ocrx_word' id='word_1_81' title='bbox 783 1189 845 1254; x_wconf 90' lang='lat' dir='ltr'><strong>hoc</strong></span> <span class='ocrx_word' id='word_1_82' title='bbox 882 1188 997 1254; x_wconf 86' lang='lat' dir='ltr'><strong>fecisse</strong></span> <span class='ocrx_word' id='word_1_83' title='bbox 1032 1192 1202 1273; x_wconf 86' lang='lat' dir='ltr'><strong>tamquam</strong></span> 
     </span>
     <span class='ocr_line' id='line_1_13' title="bbox 239 1275 1201 1362; baseline -0.002 -20"><span class='ocrx_word' id='word_1_84' title='bbox 239 1277 485 1359; x_wconf 83' lang='lat' dir='ltr'><strong>†moderator†.</strong></span> <span class='ocrx_word' id='word_1_85' title='bbox 531 1275 615 1352; x_wconf 85' lang='lat' dir='ltr'><strong>Quid</strong></span> <span class='ocrx_word' id='word_1_86' title='bbox 637 1277 775 1362; x_wconf 84' lang='lat' dir='ltr'><strong>postea?</strong></span> <span class='ocrx_word' id='word_1_87' title='bbox 808 1277 1008 1344; x_wconf 88' lang='lat' dir='ltr'><strong>satellitesne</strong></span> <span class='ocrx_word' id='word_1_88' title='bbox 1031 1275 1201 1355; x_wconf 78' lang='lat' dir='ltr'><strong>contraxi?</strong></span> 
     </span>
     <span class='ocr_line' id='line_1_14' title="bbox 240 1365 1202 1451; baseline 0 -21"><span class='ocrx_word' id='word_1_89' title='bbox 240 1370 297 1431; x_wconf 80' lang='lat' dir='ltr'><strong>ant</strong></span> <span class='ocrx_word' id='word_1_90' title='bbox 312 1387 404 1430; x_wconf 86' lang='lat' dir='ltr'><strong>arma</strong></span> <span class='ocrx_word' id='word_1_91' title='bbox 420 1365 545 1430; x_wconf 79' lang='lat' dir='ltr'><strong>habui?</strong></span> <span class='ocrx_word' id='word_1_92' title='bbox 569 1370 626 1431; x_wconf 80' lang='lat' dir='ltr'><strong>ant</strong></span> <span class='ocrx_word' id='word_1_93' title='bbox 642 1365 740 1430; x_wconf 83' lang='lat' dir='ltr'><strong>divisi</strong></span> <span class='ocrx_word' id='word_1_94' title='bbox 757 1366 950 1450; x_wconf 83' lang='lat' dir='ltr'><strong>pecuniam?</strong></span> <span class='ocrx_word' id='word_1_95' title='bbox 972 1365 1095 1451; x_wconf 86' lang='lat' dir='ltr'><strong>aliquid</strong></span> <span class='ocrx_word' id='word_1_96' title='bbox 1103 1366 1202 1442; x_wconf 74' lang='lat' dir='ltr'><strong>‚inter</strong></span> 
     </span>
     <span class='ocr_line' id='line_1_15' title="bbox 239 1453 1199 1540; baseline -0.001 -20"><span class='ocrx_word' id='word_1_97' title='bbox 239 1455 362 1520; x_wconf 88' lang='lat' dir='ltr'><strong>amicos</strong></span> <span class='ocrx_word' id='word_1_98' title='bbox 390 1453 557 1520; x_wconf 84' lang='lat' dir='ltr'><strong>continui?</strong></span> <span class='ocrx_word' id='word_1_99' title='bbox 600 1453 677 1540; x_wconf 91' lang='lat' dir='ltr'><strong>qnid</strong></span> <span class='ocrx_word' id='word_1_100' title='bbox 706 1454 793 1520; x_wconf 92' lang='lat' dir='ltr'><strong>obici</strong></span> <span class='ocrx_word' id='word_1_101' title='bbox 820 1454 901 1520; x_wconf 90' lang='lat' dir='ltr'><strong>mihi</strong></span> <span class='ocrx_word' id='word_1_102' title='bbox 922 1458 1034 1538; x_wconf 87' lang='lat' dir='ltr'><strong>potest</strong></span> <span class='ocrx_word' id='word_1_103' title='bbox 1055 1453 1091 1518; x_wconf 92' lang='lat' dir='ltr'><strong>in</strong></span> <span class='ocrx_word' id='word_1_104' title='bbox 1113 1453 1199 1519; x_wconf 80' lang='lat' dir='ltr'><strong>futu-</strong></span> 
     </span>
    </p>

    <p class='ocr_par' dir='ltr' id='par_1_5' title="bbox 187 1542 1199 1805">
     <span class='ocr_line' id='line_1_16' title="bbox 187 1542 1199 1627; baseline -0.003 -17"><span class='ocrx_word' id='word_1_105' title='bbox 187 1562 220 1610; x_wconf 76' lang='lat'><strong>15</strong></span> <span class='ocrx_word' id='word_1_106' title='bbox 239 1566 325 1627; x_wconf 92' lang='lat' dir='ltr'><strong>rum,</strong></span> <span class='ocrx_word' id='word_1_107' title='bbox 358 1565 431 1608; x_wconf 90' lang='lat' dir='ltr'><strong>cum</strong></span> <span class='ocrx_word' id='word_1_108' title='bbox 460 1543 653 1626; x_wconf 84' lang='lat' dir='ltr'><strong>praesertim</strong></span> <span class='ocrx_word' id='word_1_109' title='bbox 681 1543 854 1609; x_wconf 86' lang='lat' dir='ltr'><strong>adfectatio</strong></span> <span class='ocrx_word' id='word_1_110' title='bbox 881 1542 1065 1627; x_wconf 85' lang='lat' dir='ltr'><strong>tyrannidis</strong></span> <span class='ocrx_word' id='word_1_111' title='bbox 1093 1543 1199 1608; x_wconf 89' lang='lat' dir='ltr'><strong>multa</strong></span> 
     </span>
     <span class='ocr_line' id='line_1_17' title="bbox 239 1632 1198 1718; baseline 0 -22"><span class='ocrx_word' id='word_1_112' title='bbox 239 1632 376 1697; x_wconf 89' lang='lat' dir='ltr'><strong>crimina</strong></span> <span class='ocrx_word' id='word_1_113' title='bbox 408 1635 441 1695; x_wconf 88' lang='lat' dir='ltr'><strong>et</strong></span> <span class='ocrx_word' id='word_1_114' title='bbox 473 1652 555 1715; x_wconf 89' lang='lat' dir='ltr'><strong>quae</strong></span> <span class='ocrx_word' id='word_1_115' title='bbox 586 1652 653 1696; x_wconf 91' lang='lat' dir='ltr'><strong>non</strong></span> <span class='ocrx_word' id='word_1_116' title='bbox 683 1633 868 1698; x_wconf 90' lang='lat' dir='ltr'><strong>coniectura</strong></span> <span class='ocrx_word' id='word_1_117' title='bbox 895 1632 1009 1718; x_wconf 80' lang='lat' dir='ltr'><strong>colligi</strong></span> <span class='ocrx_word' id='word_1_118' title='bbox 1037 1634 1198 1715; x_wconf 80' lang='lat' dir='ltr'><strong>oporteat,</strong></span> 
     </span>
     <span class='ocr_line' id='line_1_18' title="bbox 238 1717 1183 1805; baseline 0 -21"><span class='ocrx_word' id='word_1_119' title='bbox 238 1740 351 1784; x_wconf 85' lang='lat' dir='ltr'><strong>verum</strong></span> <span class='ocrx_word' id='word_1_120' title='bbox 373 1717 556 1804; x_wconf 85' lang='lat' dir='ltr'><strong>manifesta,</strong></span> <span class='ocrx_word' id='word_1_121' title='bbox 577 1720 845 1805; x_wconf 85' lang='lat' dir='ltr'><strong>comprehendat?</strong></span> <span class='ocrx_word' id='word_1_122' title='bbox 1180 1775 1183 1784; x_wconf 80' lang='lat'>.</span> 
     </span>
    </p>

    <p class='ocr_par' dir='ltr' id='par_1_6' title="bbox 240 1805 1202 1982">
     <span class='ocr_line' id='line_1_19' title="bbox 305 1805 1200 1893; baseline 0 -21"><span class='ocrx_word' id='word_1_123' title='bbox 305 1805 480 1892; x_wconf 72' lang='lat' dir='ltr'><strong>„Apparet</strong></span> <span class='ocrx_word' id='word_1_124' title='bbox 502 1807 619 1892; x_wconf 89' lang='lat' dir='ltr'><strong>inquit,</strong></span> <span class='ocrx_word' id='word_1_125' title='bbox 641 1808 801 1893; x_wconf 88' lang='lat' dir='ltr'><strong>cupiditas</strong></span> <span class='ocrx_word' id='word_1_126' title='bbox 826 1812 898 1874; x_wconf 78' lang='lat' dir='ltr'><strong>tna:</strong></span> <span class='ocrx_word' id='word_1_127' title='bbox 921 1808 979 1874; x_wconf 89' lang='lat' dir='ltr'><strong>fles</strong></span> <span class='ocrx_word' id='word_1_128' title='bbox 1004 1809 1090 1873; x_wconf 89' lang='lat' dir='ltr'><strong>enirn</strong></span> <span class='ocrx_word' id='word_1_129' title='bbox 1108 1807 1200 1874; x_wconf 85' lang='lat' dir='ltr'><strong>iuxta</strong></span> 
     </span>
     <span class='ocr_line' id='line_1_20' title="bbox 240 1893 1202 1982; baseline 0.001 -21"><span class='ocrx_word' id='word_1_130' title='bbox 240 1894 375 1961; x_wconf 85' lang='lat' dir='ltr'><strong>arcem.“</strong></span> <span class='ocrx_word' id='word_1_131' title='bbox 398 1893 433 1961; x_wconf 80' lang='lat' dir='ltr'><strong>si</strong></span> <span class='ocrx_word' id='word_1_132' title='bbox 452 1895 623 1961; x_wconf 88' lang='lat' dir='ltr'><strong>confiterer</strong></span> <span class='ocrx_word' id='word_1_133' title='bbox 645 1896 811 1982; x_wconf 87' lang='lat' dir='ltr'><strong>depositae</strong></span> <span class='ocrx_word' id='word_1_134' title='bbox 829 1897 1002 1982; x_wconf 77' lang='lat' dir='ltr'><strong>potestatis</strong></span> <span class='ocrx_word' id='word_1_135' title='bbox 1018 1895 1107 1962; x_wconf 91' lang='lat' dir='ltr'><strong>illins</strong></span> <span class='ocrx_word' id='word_1_136' title='bbox 1127 1918 1202 1981; x_wconf 88' lang='lat' dir='ltr'><strong>paa-</strong></span> 
     </span>
    </p>

    <p class='ocr_par' dir='ltr' id='par_1_7' title="bbox 188 1984 1202 2337">
     <span class='ocr_line' id='line_1_21' title="bbox 188 1984 1202 2070; baseline -0.004 -17"><span class='ocrx_word' id='word_1_137' title='bbox 188 2003 223 2053; x_wconf 81' lang='lat'><strong>20</strong></span> <span class='ocrx_word' id='word_1_138' title='bbox 240 1984 425 2069; x_wconf 69' lang='lat' dir='ltr'><strong>uitandam,</strong></span> <span class='ocrx_word' id='word_1_139' title='bbox 447 1984 586 2050; x_wconf 88' lang='lat' dir='ltr'><strong>dicarem</strong></span> <span class='ocrx_word' id='word_1_140' title='bbox 610 1990 734 2070; x_wconf 88' lang='lat' dir='ltr'><strong>tamen,</strong></span> <span class='ocrx_word' id='word_1_141' title='bbox 757 1986 939 2052; x_wconf 89' lang='lat' dir='ltr'><strong>aliudesse</strong></span> <span class='ocrx_word' id='word_1_142' title='bbox 963 1985 1126 2051; x_wconf 85' lang='lat' dir='ltr'><strong>adfectare</strong></span> <span class='ocrx_word' id='word_1_143' title='bbox 1149 1989 1202 2069; x_wconf 88' lang='lat' dir='ltr'><strong>ty-</strong></span> 
     </span>
     <span class='ocr_line' id='line_1_22' title="bbox 240 2073 1201 2160; baseline 0.001 -23"><span class='ocrx_word' id='word_1_144' title='bbox 240 2073 424 2158; x_wconf 84' lang='lat' dir='ltr'><strong>rannidem,</strong></span> <span class='ocrx_word' id='word_1_145' title='bbox 456 2073 545 2139; x_wconf 91' lang='lat' dir='ltr'><strong>aliud</strong></span> <span class='ocrx_word' id='word_1_146' title='bbox 573 2095 698 2160; x_wconf 87' lang='lat' dir='ltr'><strong>cupere.</strong></span> <span class='ocrx_word' id='word_1_147' title='bbox 743 2073 867 2140; x_wconf 89' lang='lat' dir='ltr'><strong>Verum</strong></span> <span class='ocrx_word' id='word_1_148' title='bbox 890 2074 967 2159; x_wconf 88' lang='lat' dir='ltr'><strong>quid</strong></span> <span class='ocrx_word' id='word_1_149' title='bbox 991 2074 1091 2160; x_wconf 77' lang='lat' dir='ltr'><strong>signi,</strong></span> <span class='ocrx_word' id='word_1_150' title='bbox 1124 2073 1201 2158; x_wconf 91' lang='lat' dir='ltr'><strong>quid</strong></span> 
     </span>
     <span class='ocr_line' id='line_1_23' title="bbox 243 2161 1201 2248; baseline 0.002 -22"><span class='ocrx_word' id='word_1_151' title='bbox 243 2161 427 2248; x_wconf 79' lang='lat' dir='ltr'><strong>argumenti</strong></span> <span class='ocrx_word' id='word_1_152' title='bbox 459 2162 541 2227; x_wconf 86' lang='lat' dir='ltr'><strong>istae</strong></span> <span class='ocrx_word' id='word_1_153' title='bbox 574 2163 728 2228; x_wconf 88' lang='lat' dir='ltr'><strong>lacrimae</strong></span> <span class='ocrx_word' id='word_1_154' title='bbox 759 2162 903 2228; x_wconf 80' lang='lat' dir='ltr'><strong>habent?</strong></span> <span class='ocrx_word' id='word_1_155' title='bbox 950 2163 1028 2228; x_wconf 89' lang='lat' dir='ltr'><strong>flere</strong></span> <span class='ocrx_word' id='word_1_156' title='bbox 1061 2163 1201 2228; x_wconf 86' lang='lat' dir='ltr'><strong>miratur</strong></span> 
     </span>
     <span class='ocr_line' id='line_1_24' title="bbox 243 2248 1201 2337; baseline 0 -21"><span class='ocrx_word' id='word_1_157' title='bbox 243 2251 359 2335; x_wconf 90' lang='lat' dir='ltr'><strong>aliquis</strong></span> <span class='ocrx_word' id='word_1_158' title='bbox 387 2249 574 2316; x_wconf 75' lang='lat' dir='ltr'><strong>hominem?</strong></span> <span class='ocrx_word' id='word_1_159' title='bbox 618 2250 707 2337; x_wconf 84' lang='lat' dir='ltr'><strong>„Sed</strong></span> <span class='ocrx_word' id='word_1_160' title='bbox 732 2251 825 2317; x_wconf 87' lang='lat' dir='ltr'><strong>iuxta</strong></span> <span class='ocrx_word' id='word_1_161' title='bbox 851 2272 959 2317; x_wconf 88' lang='lat' dir='ltr'><strong>arcem</strong></span> <span class='ocrx_word' id='word_1_162' title='bbox 981 2249 1069 2316; x_wconf 86' lang='lat' dir='ltr'><strong>fles.“</strong></span> <span class='ocrx_word' id='word_1_163' title='bbox 1112 2248 1201 2316; x_wconf 91' lang='lat' dir='ltr'><strong>Num</strong></span> 
     </span>
    </p>
   </div>
   <div class='ocr_carea' id='block_1_5' title="bbox 189 2333 1325 2602">
    <p class='ocr_par' dir='ltr' id='par_1_8' title="bbox 189 2333 1325 2602">
     <span class='ocr_line' id='line_1_25' title="bbox 242 2333 1325 2425; baseline 0.001 -22"><span class='ocrx_word' id='word_1_164' title='bbox 242 2358 304 2422; x_wconf 83' lang='lat' dir='ltr'><strong>ego</strong></span> <span class='ocrx_word' id='word_1_165' title='bbox 326 2361 461 2424; x_wconf 86' lang='lat' dir='ltr'><strong>possum</strong></span> <span class='ocrx_word' id='word_1_166' title='bbox 484 2339 648 2405; x_wconf 86' lang='lat' dir='ltr'><strong>continere</strong></span> <span class='ocrx_word' id='word_1_167' title='bbox 670 2340 836 2424; x_wconf 86' lang='lat' dir='ltr'><strong>lacrimas,</strong></span> <span class='ocrx_word' id='word_1_168' title='bbox 860 2341 1013 2425; x_wconf 87' lang='lat' dir='ltr'><strong>quotiens</strong></span> <span class='ocrx_word' id='word_1_169' title='bbox 1036 2339 1130 2404; x_wconf 87' lang='lat' dir='ltr'><strong>illum</strong></span> <span class='ocrx_word' id='word_1_170' title='bbox 1153 2339 1201 2405; x_wconf 91' lang='lat' dir='ltr'><strong>lo·</strong></span> <span class='ocrx_word' id='word_1_171' title='bbox 1324 2333 1325 2368; x_wconf 76' lang='lat'>³</span> 
     </span>
     <span class='ocr_line' id='line_1_26' title="bbox 189 2427 1325 2513; baseline -0.002 -18"><span class='ocrx_word' id='word_1_172' title='bbox 189 2445 223 2495; x_wconf 80' lang='lat' dir='ltr'><strong>ao</strong></span> <span class='ocrx_word' id='word_1_173' title='bbox 242 2447 316 2492; x_wconf 90' lang='lat' dir='ltr'><strong>curn</strong></span> <span class='ocrx_word' id='word_1_174' title='bbox 339 2427 443 2512; x_wconf 85' lang='lat' dir='ltr'><strong>video,</strong></span> <span class='ocrx_word' id='word_1_175' title='bbox 467 2448 569 2513; x_wconf 89' lang='lat' dir='ltr'><strong>aquo</strong></span> <span class='ocrx_word' id='word_1_176' title='bbox 588 2431 657 2493; x_wconf 88' lang='lat' dir='ltr'><strong>tam</strong></span> <span class='ocrx_word' id='word_1_177' title='bbox 668 2429 817 2494; x_wconf 58' lang='lat' dir='ltr'><strong>»libenter</strong></span> <span class='ocrx_word' id='word_1_178' title='bbox 833 2427 1008 2494; x_wconf 81' lang='lat' dir='ltr'><strong>descendi?</strong></span> <span class='ocrx_word' id='word_1_179' title='bbox 1031 2428 1099 2493; x_wconf 86' lang='lat' dir='ltr'><strong>illic</strong></span> <span class='ocrx_word' id='word_1_180' title='bbox 1117 2427 1200 2493; x_wconf 90' lang='lat' dir='ltr'><strong>mihi</strong></span> <span class='ocrx_word' id='word_1_181' title='bbox 1324 2453 1325 2507; x_wconf 62' lang='lat'>3</span> 
     </span>
     <span class='ocr_line' id='line_1_27' title="bbox 242 2515 1324 2602; baseline -0.002 -20"><span class='ocrx_word' id='word_1_182' title='bbox 242 2517 401 2582; x_wconf 87' lang='lat' dir='ltr'><strong>succurrit</strong></span> <span class='ocrx_word' id='word_1_183' title='bbox 421 2515 581 2583; x_wconf 80' lang='lat' dir='ltr'><strong>infamata</strong></span> <span class='ocrx_word' id='word_1_184' title='bbox 604 2516 835 2601; x_wconf 81' lang='lat' dir='ltr'><strong>adulescentia3</strong></span> <span class='ocrx_word' id='word_1_185' title='bbox 858 2516 1008 2602; x_wconf 85' lang='lat' dir='ltr'><strong>quotiens</strong></span> <span class='ocrx_word' id='word_1_186' title='bbox 1032 2538 1138 2583; x_wconf 88' lang='lat' dir='ltr'><strong>arcem</strong></span> <span class='ocrx_word' id='word_1_187' title='bbox 1156 2515 1203 2581; x_wconf 86' lang='lat' dir='ltr'><strong>vi·</strong></span> <span class='ocrx_word' id='word_1_188' title='bbox 1323 2577 1324 2580; x_wconf 74' lang='grc'>,</span> 
     </span>
    </p>
   </div>
   <div class='ocr_carea' id='block_1_6' title="bbox 239 2707 1260 3488">
    <p class='ocr_par' dir='ltr' id='par_1_9' title="bbox 239 2707 1260 3276">
     <span class='ocr_line' id='line_1_28' title="bbox 310 2707 1201 2779; baseline -0.003 -15"><span class='ocrx_word' id='word_1_189' title='bbox 310 2714 326 2764; x_wconf 80' lang='lat'>2</span> <span class='ocrx_word' id='word_1_190' title='bbox 346 2709 420 2777; x_wconf 66' lang='lat' dir='ltr'><strong>roffi.</strong></span> <span class='ocrx_word' id='word_1_191' title='bbox 439 2714 475 2776; x_wconf 84' lang='grc' dir='ltr'><strong>Δ,</strong></span> <span class='ocrx_word' id='word_1_192' title='bbox 498 2725 547 2779; x_wconf 86' lang='lat' dir='ltr'><strong>spe</strong></span> <span class='ocrx_word' id='word_1_193' title='bbox 566 2714 600 2776; x_wconf 69' lang='lat'><strong>³,</strong></span> <span class='ocrx_word' id='word_1_194' title='bbox 623 2709 717 2779; x_wconf 65' lang='lat' dir='ltr'><strong>repo</strong></span> <span class='ocrx_word' id='word_1_195' title='bbox 740 2711 749 2779; x_wconf 75' lang='grc' dir='ltr'><strong>ΙΙ</strong></span> <span class='ocrx_word' id='word_1_196' title='bbox 776 2715 792 2764; x_wconf 85' lang='grc'><strong>3</strong></span> <span class='ocrx_word' id='word_1_197' title='bbox 812 2725 865 2764; x_wconf 89' lang='lat' dir='ltr'><strong>uec</strong></span> <span class='ocrx_word' id='word_1_198' title='bbox 881 2707 950 2778; x_wconf 89' lang='lat' dir='ltr'><strong>quid</strong></span> <span class='ocrx_word' id='word_1_199' title='bbox 968 2713 1004 2777; x_wconf 79' lang='grc' dir='ltr'><strong>Δ,</strong></span> <span class='ocrx_word' id='word_1_200' title='bbox 1027 2707 1132 2778; x_wconf 86' lang='lat' dir='ltr'><strong>nequid</strong></span> <span class='ocrx_word' id='word_1_201' title='bbox 1148 2712 1201 2776; x_wconf 71' lang='grc'><strong>10,</strong></span> 
     </span>
     <span class='ocr_line' id='line_1_29' title="bbox 240 2777 1203 2849; baseline 0 -15"><span class='ocrx_word' id='word_1_202' title='bbox 240 2794 311 2834; x_wconf 81' lang='lat' dir='ltr'><strong>corr.</strong></span> <span class='ocrx_word' id='word_1_203' title='bbox 328 2777 374 2834; x_wconf 86' lang='lat' dir='ltr'><strong>Ro</strong></span> <span class='ocrx_word' id='word_1_204' title='bbox 386 2779 427 2848; x_wconf 81' lang='grc'><strong>114</strong></span> <span class='ocrx_word' id='word_1_205' title='bbox 445 2796 508 2835; x_wconf 88' lang='lat' dir='ltr'><strong>cum</strong></span> <span class='ocrx_word' id='word_1_206' title='bbox 531 2796 609 2834; x_wconf 87' lang='lat' dir='ltr'><strong>meas</strong></span> <span class='ocrx_word' id='word_1_207' title='bbox 631 2781 675 2849; x_wconf 71' lang='grc' dir='ltr'><strong>ΙΙΙ</strong></span> <span class='ocrx_word' id='word_1_208' title='bbox 688 2797 725 2834; x_wconf 88' lang='lat' dir='ltr'><strong>m.</strong></span> <span class='ocrx_word' id='word_1_209' title='bbox 745 2778 830 2834; x_wconf 87' lang='lat' dir='ltr'><strong>simul</strong></span> <span class='ocrx_word' id='word_1_210' title='bbox 848 2780 944 2835; x_wconf 87' lang='lat' dir='ltr'><strong>omnia</strong></span> <span class='ocrx_word' id='word_1_211' title='bbox 961 2784 1043 2849; x_wconf 73' lang='lat' dir='ltr'><strong>nc,</strong></span> <span class='ocrx_word' id='word_1_212' title='bbox 1061 2795 1132 2836; x_wconf 80' lang='lat' dir='ltr'><strong>corr.</strong></span> <span class='ocrx_word' id='word_1_213' title='bbox 1151 2778 1203 2846; x_wconf 71' lang='lat' dir='ltr'><strong>Gr,</strong></span> 
     </span>
     <span class='ocr_line' id='line_1_30' title="bbox 240 2847 1260 2975; baseline 0.002 -73"><span class='ocrx_word' id='word_1_214' title='bbox 240 2847 327 2904; x_wconf 84' lang='lat' dir='ltr'><strong>*dum</strong></span> <span class='ocrx_word' id='word_1_215' title='bbox 345 2867 382 2906; x_wconf 89' lang='lat' dir='ltr'><strong>m.</strong></span> <span class='ocrx_word' id='word_1_216' title='bbox 402 2849 516 2975; x_wconf 35' lang='lat' dir='ltr'><strong>agno&gt;</strong></span> <span class='ocrx_word' id='word_1_217' title='bbox 533 2851 575 2906; x_wconf 75' lang='lat' dir='ltr'><strong>va</strong></span> <span class='ocrx_word' id='word_1_218' title='bbox 592 2849 735 2924; x_wconf 76' lang='lat' dir='ltr'><strong>(abicio).</strong></span> <span class='ocrx_word' id='word_1_219' title='bbox 754 2850 838 2906; x_wconf 89' lang='lat' dir='ltr'><strong>simul</strong></span> <span class='ocrx_word' id='word_1_220' title='bbox 852 2866 925 2906; x_wconf 91' lang='lat' dir='ltr'><strong>omn.</strong></span> <span class='ocrx_word' id='word_1_221' title='bbox 936 2850 974 2920; x_wconf 71' lang='grc' dir='ltr'><strong>(ἓ)</strong></span> <span class='ocrx_word' id='word_1_222' title='bbox 988 2853 1028 2922; x_wconf 67' lang='lat' dir='ltr'><strong>nd</strong></span> <span class='ocrx_word' id='word_1_223' title='bbox 1047 2848 1204 2906; x_wconf 87' lang='lat' dir='ltr'><strong>exciderint</strong></span> <span class='ocrx_word' id='word_1_224' title='bbox 1255 2915 1260 2924; x_wconf 32' lang='grc' dir='ltr'>Ι</span> 
     </span>
     <span class='ocr_line' id='line_1_31' title="bbox 240 2921 1202 2992; baseline 0.004 -19"><span class='ocrx_word' id='word_1_225' title='bbox 240 2923 301 2987; x_wconf 70' lang='grc' dir='ltr'><strong>ΑΒ,</strong></span> <span class='ocrx_word' id='word_1_226' title='bbox 320 2935 389 2976; x_wconf 79' lang='lat' dir='ltr'><strong>corr.</strong></span> <span class='ocrx_word' id='word_1_227' title='bbox 438 2937 454 2976; x_wconf 90' lang='lat' dir='ltr'><strong>o</strong></span> <span class='ocrx_word' id='word_1_228' title='bbox 481 2923 490 2991; x_wconf 78' lang='grc' dir='ltr'><strong>[Ι</strong></span> <span class='ocrx_word' id='word_1_229' title='bbox 518 2926 552 2976; x_wconf 88' lang='grc'><strong>10</strong></span> <span class='ocrx_word' id='word_1_230' title='bbox 575 2921 651 2991; x_wconf 86' lang='lat' dir='ltr'><strong>apud</strong></span> <span class='ocrx_word' id='word_1_231' title='bbox 669 2937 714 2976; x_wconf 89' lang='lat' dir='ltr'><strong>me</strong></span> <span class='ocrx_word' id='word_1_232' title='bbox 732 2921 833 2992; x_wconf 88' lang='lat' dir='ltr'><strong>ipsum.</strong></span> <span class='ocrx_word' id='word_1_233' title='bbox 851 2922 930 2978; x_wconf 86' lang='lat' dir='ltr'><strong>Haec</strong></span> <span class='ocrx_word' id='word_1_234' title='bbox 947 2938 1058 2991; x_wconf 87' lang='lat' dir='ltr'><strong>quoque</strong></span> <span class='ocrx_word' id='word_1_235' title='bbox 1077 2922 1137 2977; x_wconf 80' lang='lat' dir='ltr'><strong>cdd.</strong></span> <span class='ocrx_word' id='word_1_236' title='bbox 1155 2937 1202 2976; x_wconf 80' lang='lat' dir='ltr'><strong>cc·</strong></span> 
     </span>
     <span class='ocr_line' id='line_1_32' title="bbox 241 2990 1202 3062; baseline 0.002 -16"><span class='ocrx_word' id='word_1_237' title='bbox 241 2997 318 3061; x_wconf 83' lang='lat' dir='ltr'><strong>cepto</strong></span> <span class='ocrx_word' id='word_1_238' title='bbox 337 2990 535 3058; x_wconf 75' lang='lat' dir='ltr'><strong>Obrccttianc,</strong></span> <span class='ocrx_word' id='word_1_239' title='bbox 562 2994 642 3048; x_wconf 77' lang='lat' dir='ltr'><strong>cuius</strong></span> <span class='ocrx_word' id='word_1_240' title='bbox 659 2993 860 3048; x_wconf 70' lang='lat' dir='ltr'><strong>distinctiones</strong></span> <span class='ocrx_word' id='word_1_241' title='bbox 878 2997 904 3048; x_wconf 82' lang='lat' dir='ltr'><strong>et</strong></span> <span class='ocrx_word' id='word_1_242' title='bbox 922 2994 957 3048; x_wconf 81' lang='lat' dir='ltr'><strong>ab</strong></span> <span class='ocrx_word' id='word_1_243' title='bbox 977 2991 1086 3048; x_wconf 76' lang='lat' dir='ltr'><strong>Rotdc&#39;o</strong></span> <span class='ocrx_word' id='word_1_244' title='bbox 1099 2993 1202 3062; x_wconf 81' lang='lat' dir='ltr'><strong>proba·</strong></span> 
     </span>
     <span class='ocr_line' id='line_1_33' title="bbox 239 3063 1203 3134; baseline -0.001 -16"><span class='ocrx_word' id='word_1_245' title='bbox 239 3066 296 3118; x_wconf 82' lang='lat' dir='ltr'><strong>tam</strong></span> <span class='ocrx_word' id='word_1_246' title='bbox 314 3078 402 3132; x_wconf 74' lang='lat' dir='ltr'><strong>acpro</strong></span> <span class='ocrx_word' id='word_1_247' title='bbox 419 3068 526 3118; x_wconf 80' lang='lat' dir='ltr'><strong>secatus</strong></span> <span class='ocrx_word' id='word_1_248' title='bbox 544 3079 620 3131; x_wconf 81' lang='lat' dir='ltr'><strong>aam;</strong></span> <span class='ocrx_word' id='word_1_249' title='bbox 637 3081 801 3134; x_wconf 58' lang='lat' dir='ltr'><strong>quanquam</strong></span> <span class='ocrx_word' id='word_1_250' title='bbox 815 3080 849 3118; x_wconf 82' lang='lat' dir='ltr'><strong>ac</strong></span> <span class='ocrx_word' id='word_1_251' title='bbox 863 3063 906 3120; x_wconf 80' lang='lat' dir='ltr'><strong>ita</strong></span> <span class='ocrx_word' id='word_1_252' title='bbox 923 3065 1031 3134; x_wconf 77' lang='lat' dir='ltr'><strong>quidem</strong></span> <span class='ocrx_word' id='word_1_253' title='bbox 1044 3065 1120 3120; x_wconf 74' lang='lat' dir='ltr'><strong>locres</strong></span> <span class='ocrx_word' id='word_1_254' title='bbox 1133 3063 1203 3118; x_wconf 73' lang='lat' dir='ltr'><strong>mats·</strong></span> 
     </span>
     <span class='ocr_line' id='line_1_34' title="bbox 239 3131 1202 3204; baseline 0 -16"><span class='ocrx_word' id='word_1_255' title='bbox 239 3134 348 3189; x_wconf 59' lang='lat' dir='ltr'><strong>videar</strong></span> <span class='ocrx_word' id='word_1_256' title='bbox 365 3138 483 3190; x_wconf 67' lang='lat' dir='ltr'><strong>scamus</strong></span> <span class='ocrx_word' id='word_1_257' title='bbox 499 3149 554 3190; x_wconf 77' lang='lat' dir='ltr'><strong>crae</strong></span> <span class='ocrx_word' id='word_1_258' title='bbox 617 3131 769 3204; x_wconf 75' lang='lat' dir='ltr'><strong>g&#39;raviml</strong></span> <span class='ocrx_word' id='word_1_259' title='bbox 792 3136 802 3204; x_wconf 74' lang='grc' dir='ltr'><strong>ΙΙ</strong></span> <span class='ocrx_word' id='word_1_260' title='bbox 826 3140 859 3187; x_wconf 82' lang='grc'><strong>13</strong></span> <span class='ocrx_word' id='word_1_261' title='bbox 877 3133 915 3188; x_wconf 84' lang='lat' dir='ltr'><strong>ad</strong></span> <span class='ocrx_word' id='word_1_262' title='bbox 932 3151 1012 3189; x_wconf 85' lang='lat' dir='ltr'><strong>arma</strong></span> <span class='ocrx_word' id='word_1_263' title='bbox 1029 3133 1117 3190; x_wconf 86' lang='lat' dir='ltr'><strong>habui</strong></span> <span class='ocrx_word' id='word_1_264' title='bbox 1135 3135 1202 3189; x_wconf 88' lang='lat' dir='ltr'><strong>ante</strong></span> 
     </span>
     <span class='ocr_line' id='line_1_35' title="bbox 240 3202 1201 3276; baseline 0.003 -18"><span class='ocrx_word' id='word_1_265' title='bbox 240 3202 358 3260; x_wconf 84' lang='lat' dir='ltr'><strong>divisam</strong></span> <span class='ocrx_word' id='word_1_266' title='bbox 378 3209 457 3274; x_wconf 75' lang='lat' dir='ltr'><strong>ue,</strong></span> <span class='ocrx_word' id='word_1_267' title='bbox 477 3222 545 3261; x_wconf 84' lang='lat' dir='ltr'><strong>corr.</strong></span> <span class='ocrx_word' id='word_1_268' title='bbox 623 3205 788 3276; x_wconf 68' lang='lat' dir='ltr'><strong>&#39;leliquinc</strong></span> <span class='ocrx_word' id='word_1_269' title='bbox 801 3205 810 3273; x_wconf 73' lang='grc' dir='ltr'><strong>ΙΙ</strong></span> <span class='ocrx_word' id='word_1_270' title='bbox 826 3210 859 3259; x_wconf 82' lang='grc'><strong>16</strong></span> <span class='ocrx_word' id='word_1_271' title='bbox 878 3222 950 3273; x_wconf 87' lang='lat' dir='ltr'><strong>quae</strong></span> <span class='ocrx_word' id='word_1_272' title='bbox 968 3205 1129 3261; x_wconf 82' lang='lat' dir='ltr'><strong>coniectura</strong></span> <span class='ocrx_word' id='word_1_273' title='bbox 1147 3210 1201 3272; x_wconf 71' lang='lat' dir='ltr'><strong>Ac,</strong></span> 
     </span>
    </p>

    <p class='ocr_par' dir='ltr' id='par_1_10' title="bbox 239 3275 1202 3488">
     <span class='ocr_line' id='line_1_36' title="bbox 258 3275 1202 3346; baseline 0.001 -17"><span class='ocrx_word' id='word_1_274' title='bbox 258 3291 312 3330; x_wconf 89' lang='lat' dir='ltr'><strong>uae</strong></span> <span class='ocrx_word' id='word_1_275' title='bbox 330 3290 386 3329; x_wconf 90' lang='lat' dir='ltr'><strong>non</strong></span> <span class='ocrx_word' id='word_1_276' title='bbox 403 3276 513 3330; x_wconf 85' lang='lat' dir='ltr'><strong>iactura</strong></span> <span class='ocrx_word' id='word_1_277' title='bbox 531 3280 551 3328; x_wconf 75' lang='lat' dir='ltr'>B</span> <span class='ocrx_word' id='word_1_278' title='bbox 574 3277 583 3345; x_wconf 83' lang='grc' dir='ltr'><strong>ΙΙ</strong></span> <span class='ocrx_word' id='word_1_279' title='bbox 608 3282 640 3331; x_wconf 73' lang='grc'><strong>17</strong></span> <span class='ocrx_word' id='word_1_280' title='bbox 664 3275 842 3330; x_wconf 86' lang='lat' dir='ltr'><strong>manifestum</strong></span> <span class='ocrx_word' id='word_1_281' title='bbox 859 3279 905 3328; x_wconf 75' lang='lat' dir='ltr'><strong>lc</strong></span> <span class='ocrx_word' id='word_1_282' title='bbox 922 3277 932 3345; x_wconf 82' lang='grc' dir='ltr'><strong>ΙΙ</strong></span> <span class='ocrx_word' id='word_1_283' title='bbox 949 3275 1136 3346; x_wconf 86' lang='lat' dir='ltr'><strong>deprehendit</strong></span> <span class='ocrx_word' id='word_1_284' title='bbox 1152 3280 1202 3342; x_wconf 78' lang='grc' dir='ltr'><strong>Δι,</strong></span> 
     </span>
     <span class='ocr_line' id='line_1_37' title="bbox 239 3292 1200 3488; baseline 0.002 -18"><span class='ocrx_word' id='word_1_285' title='bbox 239 3292 546 3487; x_wconf 69' lang='lat' dir='ltr'><strong>ternensi</strong></span> <span class='ocrx_word' id='word_1_286' title='bbox 558 3345 1200 3488; x_wconf 58' lang='lat' dir='ltr'><strong>condocet.sennenn</strong></span> 
     </span>
    </p>
   </div>
   <div class='ocr_carea' id='block_1_7' title="bbox 0 0 1338 3968">
    <p class='ocr_par' dir='ltr' id='par_1_11' title="bbox 0 0 1338 3968">
     <span class='ocr_line' id='line_1_38' title="bbox 0 0 1338 3968; baseline 0 0"><span class='ocrx_word' id='word_1_287' title='bbox 0 0 1338 3968; x_wconf 95' lang='lat' dir='ltr'><strong> </strong></span> 
     </span>
    </p>
   </div>
  </div>
 </body>
</html>
