2640 3968
206 97 299 154 XXIV
576 99 794 158 PRAEFATIO.

319 249 376 308 Est
399 249 554 325 splendide
578 252 722 310 exornate
739 253 771 310 et
789 254 938 328 congestis
956 253 1091 329 priorum
1109 256 1168 314 edi·

321 349 422 406 torum
441 347 626 424 aliorumque
646 346 801 408 doctorum
818 350 952 410 virorum
967 344 1047 431 (Late
1060 352 1171 427 Latini,

318 441 647 521 nae1513³s15933
676 445 724 504 Jo.
748 444 942 524 Schultingii,
969 450 1066 525 patris
1089 451 1170 510 illius

215 571 217 578 ·
320 541 373 618 qui
385 560 463 602 anno
480 544 563 603 1659
583 544 673 602 uetus
692 543 740 601 est
754 541 949 622 Schultingii3
967 545 1034 608 Pet.
1052 547 1170 606 Frsncii

318 641 380 698 net.
402 642 486 716 1646
507 635 528 714 †
548 629 649 720 1704)
677 639 758 700 notis
781 641 821 700 et⁴
835 640 970 718 epistolis
994 643 1068 704 satis
1091 662 1170 704 com-

320 736 421 810 moda,
445 740 578 796 ceterum
600 737 693 796 mirae
716 738 936 815 neglegentiae.

210 835 296 895 1784
319 833 532 911 Bipontiue,
555 833 611 911 „ad
630 835 758 911 optimas
777 834 924 896 editiones
938 837 1049 900 collata
1062 838 1170 899 studiis

320 931 471 992 societatis
493 925 702 1009 Bipontiuee“‚
723 950 784 993 non
806 933 937 994 multum
959 934 1060 996 differt
1082 953 1101 994 a
1121 935 1169 996 Pi·

318 1030 457 1089 thoeana.
970 1083 975 1092 ,

209 1127 383 1186 1821-26
409 1126 547 1186 Parisios
568 1125 723 1202 recognito
741 1145 760 1186 c
778 1127 960 1190 Dussodio
984 1121 1170 1212 (Dussault),

319 1223 351 1282 in
368 1223 550 1284 bibliothece
569 1224 694 1284 classica
711 1225 808 1286 lstinn
824 1244 879 1302 per
892 1226 930 1286 N.
944 1226 979 1286 Ε.
1001 1227 1170 1288 Lemaire

320 1322 410 1382 edita
442 1322 612 1398 Expressit,
634 1323 671 1380 ut
688 1323 732 1384 ait
748 1323 829 1402 ipse,
853 1324 886 1384 iu
903 1323 1171 1387 declamationibus

320 1419 575 1480 Burmannisnem
598 1417 773 1498 editionem,
796 1421 937 1482 collatam
955 1439 1023 1482 cum
1038 1421 1171 1484 Obrech-

320 1517 408 1578 tisna
421 1520 453 1577 et
469 1516 686 1578 vetustioribus
701 1516 906 1592 quibusdam.“
940 1519 1038 1580 Notas
1052 1539 1172 1597 quoque

319 1618 351 1674 et
377 1615 521 1692 epistolas
551 1633 569 1674 a
595 1613 769 1673 Burmanno
798 1614 1032 1676 communitates
1050 1616 1172 1691 *repetit

320 1713 352 1772 et
374 1712 555 1790 pleniorem,
583 1729 673 1788 quem
694 1709 739 1768 ibi
761 1713 822 1786 est,
845 1710 1010 1772 editionum
1033 1711 1171 1772 tabulam

318 1810 467 1888 proponit
938 1831 941 1838 ·

321 1907 515 1984 'transcripta
533 1925 568 1966 ex
587 1907 644 1966 hac
666 1905 776 1968 dicitur
799 1923 929 1984 summa,

211 2006 385 2065 1824-26
411 2004 664 2080 Teurinsnsis,
687 2021 724 2064 ex
746 2002 826 2079 typis
845 2002 909 2064 Jos.
933 2002 1056 2066 Pomba.

275 2103 380 2164 Novae
404 2102 543 2162 editionis
565 2100 682 2177 pridem
709 2098 890 2160 desiderium
918 2119 985 2162 esse
1011 2121 1099 2164 nemo
1121 2121 1172 2164 ne-

208 2201 336 2279 gaverit
372 2200 443 2259 Jam
461 2197 591 2259 Orellius
615 2188 661 2278 (in
684 2197 771 2274 epist.
794 2197 898 2258 critica
919 2199 960 2260 ad
976 2198 1171 2276 Madvigium,

208 2299 374 2376 praemisse
393 2295 544 2356 Ciceronis
559 2293 688 2368 Oratori,
706 2294 803 2354 Bruto
822 2296 887 2369 eto,
906 2288 1171 2377 Turiei1830)*),

209 2397 352 2456 acerrime
375 2395 509 2454 invectus
532 2392 564 2451 in
585 2390 853 2466 Burmanninusm,
881 2391 921 2454 ad
951 2393 1171 2468 suscipiendum

208 2495 249 2566 id¹
269 2513 344 2571 opus
367 2493 543 2552 exhortatus
566 2492 622 2550 est
663 2488 787 2566 Suscepi
809 2492 841 2550 et
863 2493 1009 2567 quantum
1031 2489 1118 2566 potui
1139 2490 1171 2550 in

208 2588 387 2669 perficiendo
416 2606 451 2647 eo
479 2586 613 2648 studium
636 2586 815 2664 consumpsi.
861 2586 1118 2648 Desiderebuntur
1141 2592 1172 2648 et

208 2685 461 2763 vituperabuntnr
491 2701 552 2744 non
582 2683 680 2744 nulla:
712 2702 790 2760 quse
821 2684 950 2744 maxime
982 2701 1057 2761 opus
1084 2687 1173 2746 erant

207 2785 289 2844 tacto
311 2783 416 2842 videor
437 2780 512 2840 mihi
532 2780 654 2856 fecisse,
682 2785 773 2858 etque
796 2782 893 2842 habeo
915 2799 1092 2858 persuasum
1116 2782 1172 2841 hac

208 2881 339 2940 editione
366 2897 426 2939 non
456 2877 545 2938 modo
571 2877 652 2955 qued
675 2878 907 2940 declamationes
936 2879 1079 2940 oblivioni
1109 2878 1171 2938 iam

208 2995 304 3053 paene
334 2976 432 3050 datas,
461 2995 537 3052 quas
564 2994 631 3038 esse
658 2976 754 3054 ipsius
778 2976 955 3047 Quintiliani
982 2976 1091 3036 abhinc
1108 2977 1171 3034 tres

208 3092 303 3134 annos
330 3072 546 3149 demonstrari,
580 3074 613 3134 in
640 3074 739 3135 lucem
770 3093 875 3135 rursus
901 3073 1014 3150 protuli
1041 3073 1171 3150 gratiam

207 3193 422 3204 -κ--ηη--ι-

280 3245 307 3326 *)
328 3242 405 3326 Quae
427 3242 551 3326 epistola
568 3243 814 3326 „emendationes“
838 3241 934 3311 prodit
955 3240 1081 3308 „Almeri
1099 3241 1171 3294 Rau·

211 3317 318 3386 cenete,
338 3315 521 3372 uureccnsultr
539 3313 748 3384 Burdigalenses
768 3317 805 3382 (n.
827 3318 895 3367 1498
913 3317 932 3377 †
951 3312 1044 3380 1⁶59),
1063 3328 1081 3366 a
1099 3311 1171 3368 Bon-

209 3386 305 3456 gsrsio
323 3384 444 3457 margini
461 3385 634 3442 Pithoeanae
652 3384 785 3441 editionis
804 3381 987 3453 &comptasfl
