2682 3956
227 139 293 202 416
591 135 818 203 QUINTILIANI

229 301 323 367 set?“
345 302 374 366 si
396 323 447 366 me
469 301 667 386 interrogas:
691 303 865 385 occupatus
889 321 970 384 sum,
992 320 1059 364 non
1078 297 1194 384 audi03

231 392 259 457 si
281 390 435 475 patriam:
468 390 614 455 desertor
637 393 695 454 est
740 388 914 472 quaedam,
941 387 1077 471 iudices,
1104 409 1192 452 com·

229 478 358 566 paratio
382 479 509 544 minuit.
540 500 598 562 per
621 501 661 554 ae
675 477 804 543 crudele
822 477 894 562 fuit,
915 477 1022 562 perire
1040 475 1193 542 tranem:

232 569 289 634 sed
312 571 537 653 comparatum
560 567 650 651 mihi,
672 566 851 632 tolerabile.
897 565 975 650 quid
998 565 1098 650 ergo?
1130 586 1193 651 ego

196 657 410 742 aperissem?
446 656 619 741 ‚‚iratrem,
641 657 759 739 inquit,
784 654 941 720 servavif‘
973 655 1084 739 itaque
1107 676 1196 720 nuno

231 747 334 811 frater
356 749 389 811 te
413 745 556 811 abdicat:
583 745 641 808 ille
664 744 812 809 beneficii
835 745 975 829 gratiam
999 742 1108 827 debet,
1132 763 1193 828 ego

233 834 359 920 peceati
381 855 529 919 poenam.
566 833 623 898 aed
647 832 746 918 qnid?
769 834 798 897 si
820 855 888 898 non
906 833 1027 916 pietate
1045 831 1195 914 servasti,
1321 873 1322 890 r

233 924 290 989 sed
312 928 350 987 ut
367 945 419 988 me
438 921 621 989 occideres?
645 925 803 1006 quantum
821 923 856 986 in
873 925 907 986 te
925 921 997 1004 fnit,
1020 921 1195 985 damnatus

234 1035 315 1078 sum.
345 1010 494 1096 ‚,Adfui“‚
516 1011 631 1094 inquit
668 1010 802 1095 Alioqui
824 1009 1020 1076 abdicareris
1042 1009 1195 1076 tanturn?

180 1330 214 1380 10
589 1308 837 1379 ccccxxvi

234 1470 434 1555 Expositos
462 1469 606 1538 iuratus
633 1472 679 1538 ob
702 1471 848 1555 nuptias
870 1469 1074 1538 educatoris
1097 1469 1196 1536 filiae

578 1593 850 1680 (abdicandus).

239 1754 375 1832 Quidem
398 1755 541 1820 moriens
565 1755 773 1838 adulescenti,
796 1777 893 1840 quem
915 1778 974 1840 pro
996 1755 1065 1820 filio
1084 1755 1196 1820 educa

326 1848 427 1928 verat,
449 1844 665 1909 indicaturum
690 1866 724 1910 se
747 1865 842 1910 veros
860 1848 1014 1929 parentes
1032 1844 1199 1927 pollicitus

187 1950 220 2000 15
329 1936 391 2016 est,
425 1933 453 1998 si
480 1934 622 1998 iurasset
649 1953 683 1997 se
710 1932 825 2016 filiam,
858 1955 955 2017 quam
984 1933 1200 2016 relinquebat,

328 2021 500 2086 ducturum
523 2042 666 2086 uxorem.
698 2021 820 2086 iuravit
842 2021 1040 2088 adulescens.
1070 2022 1128 2086 ille
1150 2021 1201 2086 de·

327 2110 424 2176 cessit
449 2115 526 2195 post
548 2114 688 2176 mortem
707 2110 891 2176 educatoris
908 2133 929 2175 a
946 2111 1089 2175 naturali
1106 2113 1202 2193 patre

328 2203 484 2283 receptus,
509 2199 587 2283 quie
609 2219 675 2263 non
696 2199 769 2263 vult
791 2199 905 2264 orbam
927 2200 1062 2264 divitem
1086 2198 1202 2264 ducere
1320 2263 1321 2266 ,

328 2309 475 2371 uxorem,
499 2287 677 2351 abdicatur.

186 2498 242 2548 ao·
553 2479 889 2548 DECLAMATIO.

306 2622 448 2689 Abdicaa
477 2626 545 2687 tam
574 2624 661 2690 cito?
698 2625 727 2688 si
753 2645 821 2690 non
844 2646 933 2690 eram
955 2624 1104 2708 idoneus,
1135 2647 1204 2692 non

242 2734 331 2778 eram
359 2712 573 2796 recipiendus.
620 2716 688 2783 tarn
717 2714 835 2798 exiguo
858 2721 1004 2799 tempore
1028 2715 1105 2799 quid
1128 2736 1205 2799 pec-

241 2823 315 2866 care
338 2801 451 2884 potui?
476 2801 607 2866 etiamsi
631 2801 707 2885 qnid
725 2802 865 2885 peccavi,
888 2803 1035 2887 ignosce:
1059 2802 1205 2868 nondum

313 2996 330 3044 4
349 3008 402 3061 ego
421 3008 471 3046 om.
491 2993 618 3061 Ple-6
636 3010 711 3049 nnnc
728 2993 846 3048 fratrem
864 2994 979 3050 abdicat
995 2998 1016 3049 B
1030 2997 1068 3064 [17
1088 2996 1207 3063 peccavi

242 3067 263 3115 B
281 3064 291 3132 ΙΙ
308 3061 410 3132 pietati
429 3060 540 3117 servisti
558 3068 622 3132 ΔΒ,
646 3081 715 3122 corr.
735 3064 789 3120 sce
809 3067 852 3136 118
872 3065 1007 3120 occideris
1025 3069 1075 3119 AB
1094 3067 1104 3134 ΙΙ
1122 3071 1138 3119 9
1156 3068 1206 3120 t‘ffi
1318 3059 1319 3062 ’

242 3138 275 3201 B,
294 3134 390 3188 tamen
408 3139 428 3186 P
450 3133 460 3202 l
484 3139 516 3188 12
536 3133 776 3218 ¹²<cbdiccndus>
797 3138 807 3205 ll
831 3142 934 3192 16-17
958 3135 1030 3191 dixit
1047 3141 1110 3203 AB,
1134 3153 1206 3193 corr.

242 3205 300 3258 Aer
313 3207 323 3275 l
338 3211 370 3259 18
390 3211 408 3274 q
425 3211 445 3258 fi
465 3210 497 3273 Δ,
516 3210 636 3276 qen-B,
655 3207 786 3274 quiante
805 3212 833 3274 P,
852 3224 921 3262 cerr.
940 3209 1020 3280 Aerl
1041 3213 1144 3262 16-19
1163 3207 1207 3262 iu·

243 3274 317 3330 ravit
339 3274 510 3333 adulescens.
528 3275 592 3340 fille
605 3277 741 3341 decessit.
774 3279 982 3347 postmortem
1006 3276 1163 3333 educatoris
1189 3296 1208 3333 a

243 3343 366 3398 naturali
384 3347 627 3416 patrer'cteritua
652 3343 792 3417 qirit'non
810 3349 873 3403 vult
896 3349 994 3404 orbam
1019 3347 1137 3403 divitem
1156 3349 1210 3403 du-

244 3426 306 3466 cere
323 3429 437 3468 uxorem
457 3417 507 3489 occ.
527 3422 572 3471 Aa
586 3419 596 3487 l
609 3423 641 3471 21
662 3419 804 3474 *abdicat
822 3423 872 3472 n
