2682 3956
387 135 705 193 DECLAMATIONES.
725 135 850 194 ceusu.
1035 139 1099 204 383

138 301 276 385 quodam
305 322 381 366 casu
409 305 442 365 et
464 300 589 365 incerta
612 301 724 384 populi
747 323 840 383 aura,
861 335 907 348 -
933 325 993 368 nec
1021 326 1099 368 sane

137 394 271 455 vacasse
299 393 368 455 tam
397 389 504 454 subito
534 389 687 454 dilectum
711 389 827 454 ducum
851 411 947 474 agere
969 427 1014 439 -
1036 394 1099 458 fac-

136 483 207 543 tum
231 478 353 561 ducem,
375 478 432 563 qui
450 478 577 543 nullum
598 479 736 543 militiae
755 501 850 543 usum
868 478 1017 564 haberet3
1040 503 1099 546 neo

137 568 267 631 aliunde
290 567 410 632 victam
431 566 555 632 duobus
575 567 708 651 proeliis
727 568 849 632 urbem.
879 571 948 632 tum
969 569 1098 633 demum

136 655 336 720 intellexisse
369 656 540 740 populum,
579 656 707 740 qualem
740 655 875 722 haberet
907 657 1033 741 ducem3
1065 662 1133 722 ets

137 749 213 809 ante
242 766 353 809 omnes
382 744 504 810 amicos
532 749 685 828 paternos
707 743 884 809 frementes
906 745 1034 811 venisse
1058 746 1099 809 ad

136 832 282 915 divitem,
304 834 415 916 palam
439 835 571 918 questos
595 834 634 899 de
658 832 751 917 duce3
776 833 946 899 adiecisse:
982 838 1099 920 >pater

135 926 224 1004 tuus,
260 922 289 986 si
319 922 457 1006 viveret,
487 944 547 1005 pro
579 921 687 1006 patria
719 945 810 988 arma
844 923 996 1006 cepisset:
1033 944 1099 987 non

137 1014 223 1076 esset
241 1033 358 1094 passus
378 1011 487 1075 vexari
511 1033 579 1074 rem
598 1010 761 1095 publicam
781 1016 814 1077 et
832 1011 976 1076 hostium
999 1013 1098 1076 armis

138 1104 170 1163 et
193 1099 336 1183 imperiti
360 1099 450 1164 ducis
475 1099 650 1164 consiliis«
695 1121 864 1165 accensum
887 1100 939 1164 his
963 1102 1096 1165 vocibus
1119 1116 1151 1166 ιο

136 1210 195 1271 pro
227 1188 331 1256 salute
361 1209 398 1253 ac
420 1187 572 1253 libertate
596 1189 741 1253 omnium
764 1191 819 1272 pia
845 1211 935 1253 arma
959 1190 1097 1273 cepissc3

137 1277 281 1359 privatas
314 1298 441 1360 quoquc
474 1276 631 1342 adiecisse
668 1275 761 1341 vires.
815 1277 895 1343 urhe
933 1298 1098 1362 egressum

139 1365 265 1430 solutos
302 1365 428 1430 laetitia
466 1365 621 1431 victoriae
652 1364 766 1429 hostes
804 1371 837 1430 et
868 1365 951 1429 nihil
984 1367 1099 1449 minus,

139 1475 236 1537 quam
273 1454 476 1536 eruptionem
505 1454 657 1518 timentes
687 1454 895 1537 oppressisse.
941 1454 1002 1519 hac
1034 1455 1099 1519 vic-

138 1541 225 1607 toria
248 1562 426 1626 accensum,
450 1543 543 1627 quasi
565 1543 599 1607 iu
624 1543 849 1625 aemulatione,
873 1543 965 1628 graui
987 1542 1097 1608 dolore
1119 1558 1151 1608 15

139 1631 298 1695 exarsisse
312 1631 433 1695 ducem.
457 1629 597 1716 <quem>
609 1652 681 1696 cum
700 1631 822 1695 diceret
839 1632 927 1696 malo
952 1633 1098 1717 exemplo

139 1719 282 1783 militare
305 1719 461 1802 privatos,
485 1723 613 1785 etcum
637 1741 750 1785 omnes
775 1719 871 1784 amici
893 1720 1001 1785 divitis
1026 1741 1099 1784 cum

136 1807 235 1872 divite
268 1812 394 1890 essent,
425 1830 490 1872 non
521 1809 651 1873 difficile
678 1809 892 1893 persuasisse,
923 1813 960 1873 ut
986 1813 1098 1892 portas

137 1896 377 1981 clauderc<n>t
428 1897 549 1961 milites
583 1901 691 1964 autem
721 1897 869 1963 confecto
900 1897 1025 1980 proelio
1058 1897 1098 1961 ad

137 1986 393 2069 gratulationem
415 1986 587 2051 redeuntes
609 1990 720 2070 portas
740 1987 867 2052 clausas
888 1985 1096 2072 obstipuisse,
1116 2003 1151 2052 20

138 2078 350 2159 posteaquem
373 2097 450 2139 vero
474 2075 554 2140 iussi
579 2075 646 2138 sint
668 2097 759 2139 arma
777 2095 905 2160 ponere,
929 2075 1097 2159 aliquanto

137 2163 268 2246 gravius
302 2163 474 2244 exarsisse,
504 2163 609 2228 veluti
640 2164 817 2247 parricidas
846 2185 880 2228 se
910 2162 1035 2228 excludi
1065 2167 1098 2226 et

139 2250 274 2314 armatis
305 2248 454 2314 hostibus
483 2251 623 2316 inermes
652 2251 747 2317 obici.
792 2251 876 2317 hanc
907 2251 1097 2317 seditionem

138 2337 302 2402 volentem
326 2339 433 2402 sedare
457 2339 589 2403 divitem
612 2343 741 2423 tempus
765 2341 887 2424 petisse
906 2363 972 2406 non
991 2340 1097 2423 magis

138 2425 352 2507 deliberandi,
391 2447 488 2510 quam
524 2427 675 2511 rogandi:
715 2433 748 2492 et
783 2429 891 2494 triduo
923 2430 980 2495 illo
1012 2428 1097 2493 nihil
1116 2443 1151 2493 25

137 2515 228 2580 aliud
252 2515 367 2600 egisse,
390 2536 487 2598 quam
511 2514 608 2579 modo
633 2516 789 2598 singulos,
813 2517 908 2583 modo
930 2518 1097 2582 universos

135 2624 279 2689 rogasse.
313 2602 388 2669 illos
409 2626 535 2688 quoque
554 2604 731 2669 securiores
750 2604 860 2687 fuisse,
883 2611 1097 2691 posteaquam

137 2715 175 2757 ex
193 2698 265 2758 toto
284 2692 456 2757 recessisse
475 2692 603 2758 hostem
623 2691 824 2756 crediderint.
854 2693 973 2757 redisse
989 2699 1097 2758 autem

138 2802 172 2845 se
200 2804 220 2845 a
247 2779 333 2845 bello
363 2781 402 2846 ad
432 2781 603 2864 iudicium,
632 2786 666 2845 et
688 2781 722 2844 in
746 2780 942 2846 conscientia
965 2783 1096 2847 maximi

207 2978 223 3025 2
242 2988 384 3027 vacasse
403 2977 426 3024 Δ
439 2973 448 3042 ΙΙ
462 2972 588 3028 subitum
608 2972 742 3060 delictum
760 2973 805 3042 ”l
819 2979 835 3027 3
849 2987 884 3026 ue
898 2977 939 3025 Aa
951 2973 991 3042 [14
1010 2973 1097 3027 alium

136 3067 166 3128 B,
186 3061 263 3116 aliud
280 3061 324 3130 Pl!
338 3061 478 3116 devictam
497 3064 571 3132 11119
591 3061 677 3132 esset]
698 3068 728 3116 et
745 3066 775 3127 B,
794 3062 881 3116 etium
899 3061 942 3130 ΡΙΙ
958 3065 990 3114 10
1008 3059 1097 3129 impe·

134 3133 194 3188 ritis
213 3135 285 3202 ΔΒΙΙ
304 3137 337 3185 12
356 3132 419 3186 urbi
437 3135 482 3201 llll
497 3139 529 3188 16
548 3131 673 3206 (quem)
692 3133 736 3186 Ro
756 3132 766 3202 ΙΙ
785 3132 899 3186 duceret
915 3136 936 3184 B
950 3132 960 3200 ΙΙ
975 3135 1008 3184 18
1027 3129 1097 3183 divi-

133 3207 177 3258 tes
194 3209 264 3257 AsB
286 3205 296 3274 l
318 3204 426 3273 portas]
446 3221 547 3272 parens
565 3208 586 3257 B
604 3205 614 3273 ΙΙ
634 3209 666 3258 19
686 3202 813 3257 eluderet
830 3207 892 3268 AB,
911 3200 1099 3274 cludere<n>t

135 3277 192 3328 Aer
205 3276 216 3343 l
229 3281 263 3329 20
284 3273 375 3330 clusas
393 3278 464 3327 Abs
478 3276 487 3345 ll
505 3274 682 3343 obstupuisse
701 3278 722 3327 B
744 3275 755 3344 l
777 3279 812 3328 24
831 3289 929 3328 sanare
948 3277 1009 3338 AB,
1028 3289 1096 3328 corr.

135 3342 180 3400 Ro
202 3349 212 3412 ΙΙ
234 3350 269 3400 28
289 3362 322 3400 ex
340 3347 446 3402 tortore
465 3346 579 3400 cessisse
599 3350 647 3399 ΔΒ
666 3347 675 3416 ΙΙ
693 3344 881 3414 compererint
898 3345 942 3400 Ro
955 3347 965 3414 l
979 3351 1013 3398 29
1032 3361 1096 3399 con-

135 3416 281 3471 scientiam
299 3421 377 3469 B-l’
