2692 3960
230 130 296 198 248
318 207 334 235 .
602 127 831 196 QUINTILIANI

232 315 378 362 summae
410 294 460 360 rei
483 293 670 360 discrimen:
700 293 780 359 setis
803 295 914 360 tumen
941 293 1029 359 iustu
1052 291 1200 360 defensio

233 383 405 450 videretur.

299 471 415 537 Adhuc
438 476 549 538 temen
566 471 701 556 propius
727 469 877 537 accedere
897 471 938 536 ed
956 471 1199 556 interpretatio·

228 582 305 627 nem
337 561 423 647 legis
449 563 524 627 volo
552 565 599 646 et,
628 562 786 646 quatenus
816 581 892 644 pers
920 559 1049 626 diverse
1075 561 1200 646 scripto

195 666 212 715 c
230 650 438 737 innit<it>ur,
462 651 562 716 etiem
581 651 655 734 ipss
672 649 772 715 verba
788 649 935 715 scrutari.
969 648 1046 734 quid
1063 649 1196 716 tandem

231 739 309 806 dicit
331 739 407 804 lex?
448 739 537 825 »qui
560 739 606 804 ab
628 738 743 804 hoste
766 740 1001 822 provocatus
1023 759 1099 804 non
1127 761 1197 823 pu·

231 828 444 915 gravarit«
478 828 519 892 ab
542 827 637 894 hoste
660 827 771 912 igitur,
793 847 860 892 non
884 848 904 891 a
925 825 1105 912 transfuga.
1136 849 1199 893 nec

230 915 699 1071 requieturus
713 915 1196 1070 iggfflffipffl

179 1109 213 1160 10
231 1092 414 1178 homiuum,
443 1055 497 1179 qui
524 1115 584 1178 pro
614 1113 649 1158 re
671 1093 805 1177 publice
827 1112 899 1178 sua,
927 1026 982 1179 gui
1004 1115 1065 1178 pro
1088 1095 1195 1178 petria

230 1183 431 1268 pugnabant.
477 1181 523 1248 Et
551 1183 579 1248 si
605 1182 705 1247 verbe
732 1181 806 1268 ipsu
827 1181 1005 1266 intuemur,
1028 1181 1091 1248 hoc
1114 1183 1198 1248 setis

231 1275 294 1336 est:
334 1271 362 1337 si
392 1293 470 1338 vero
506 1271 718 1356 introspicere
753 1271 956 1336 voluntatem
987 1269 1198 1356 voluerimus,

231 1359 345 1444 ecquid
367 1360 577 1428 menifestum
600 1363 659 1445 est,
681 1380 750 1425 uon
771 1360 834 1426 hoc
857 1360 996 1426 sensisse
1018 1360 1128 1446 legum
1150 1360 1196 1426 lu·

230 1451 350 1534 torem,
381 1453 419 1514 ut
450 1450 520 1516 ullu
547 1450 742 1515 necessitate
759 1452 883 1534 vposset
909 1449 983 1536 cogi
1004 1451 1098 1533 puter
1121 1470 1196 1516 cum

178 1553 211 1603 15
230 1537 299 1604 filio
323 1537 501 1604 dimicare?
531 1559 574 1604 un
595 1560 672 1604 vero
695 1539 734 1622 is,
757 1537 813 1623 qui
836 1537 968 1624 scriprit
989 1536 1194 1624 rhoetum,

231 1647 298 1692 non
320 1626 449 1692 ridetur
472 1625 640 1712 scripsisse
663 1625 830 1692 alienum?
862 1647 989 1692 summe
1011 1626 1073 1692 hec
1092 1628 1196 1693 uomi-

231 1715 283 1780 nis
314 1717 427 1800 utiquo
454 1715 582 1781 minore
612 1716 800 1800 complexus
828 1719 886 1781 est
930 1737 998 1781 non
1021 1733 1099 1801 ergo
1122 1717 1197 1802 cogi

232 1807 344 1888 potest
366 1804 538 1892 quisquam
561 1805 643 1891 lege,
665 1809 703 1870 ut
725 1826 799 1870 cum
823 1804 891 1870 filio
914 1822 973 1870 suo
996 1809 1129 1890 pugnet.

298 1891 362 1958 Hic
390 1897 500 1978 tumen
526 1915 593 1960 non
621 1893 807 1960 defendetur
830 1892 973 1958 adfectus
1002 1895 1035 1958 et
1057 1893 1197 1977 pietatis

119 2051 124 2063 ,
180 1997 214 2047 1ο
236 1980 450 2048 simulatione.
495 2001 574 2068 »ego
602 2003 690 2067 vero,
712 1982 834 2067 inquit,
865 1983 1022 2068 pugnuri3
1050 1983 1106 2048 sed
1130 2004 1195 2069 quc

232 2069 328 2136 modo
369 2091 515 2158 pugnare
556 2072 733 2157 oportebat
770 2074 917 2137 restrum
956 2072 1196 2156 imperatorem.

231 2159 328 2225 unius
352 2162 546 2246 sanguinem
569 2161 702 2248 exigitis
721 2184 778 2226 -ε
801 2159 978 2226 exercitum
997 2160 1105 2226 cecidi
1136 2182 1196 2245 per

232 2248 450 2332 gladiatorum
478 2250 585 2316 simile
612 2250 790 2334 postuletis
821 2272 880 2314 -ε
914 2249 1018 2315 totius
1050 2249 1196 2315 civitatis

231 2336 404 2404 victorium
425 2339 534 2405 retuli.
569 2342 737 2405 numerate
757 2339 875 2424 spolie:
898 2341 931 2403 et
949 2337 1130 2422 aestimate,
1152 2359 1196 2402 en

178 2439 212 2492 25
232 2424 380 2492 damnari
403 2427 582 2513 debuerim,
611 2429 689 2514 quie
710 2427 784 2514 plus
807 2427 965 2514 praestiti.
1012 2446 1094 2510 ques
1118 2431 1197 2491 suut

229 2515 798 2672 {uermerium
806 2515 950 2670 11111,
958 2533 1109 2667 11111
1122 2517 1196 2669 u

231 2693 403 2759 scribentis
436 2693 536 2760 tuisne
570 2684 697 2777 votum,
726 2697 764 2758 ut
791 2695 824 2756 et
850 2690 957 2757 hostis
985 2688 1194 2758 occideretur.

230 2786 404 2866 utrumque
426 2782 592 2866 praestiti:
623 2786 656 2847 et
678 2800 740 2864 ego
761 2779 908 2864 pugnari
931 2783 966 2846 et
987 2779 1044 2845 illc
1066 2780 1193 2846 occisus

175 2885 210 2935 eo
230 2871 288 2933 est.
319 2867 459 2934 sednon
477 2869 647 2956 continget
665 2891 705 2934 ea
721 2867 942 2955 perditissimo
956 2868 1076 2954 iuveni,
1094 2891 1193 2956 quem

231 2957 417 3043 quaerebat,
439 2957 571 3044 invidie,
593 2963 630 3024 ut
652 2958 817 3024 videretur
842 2958 962 3024 scelere
985 2957 1126 3042 occisus,
1156 2961 1196 3022 ut

300 3119 318 3169 4
337 3114 503 3186 quatinus
525 3120 550 3168 A
571 3117 582 3186 1
605 3114 774 3172 scribith
797 3117 806 3186 1
829 3121 846 3171 t
863 3113 970 3172 innitur
987 3119 1022 3182 A,
1040 3114 1146 3202 ignitur
1163 3119 1194 3178 1,

227 3217 296 3259 cerr.
318 3203 365 3288 Pi·
375 3206 385 3276 11
405 3209 422 3260 8
441 3220 495 3274 ego
512 3221 565 3288 pro
583 3203 660 3276 perd.
680 3207 754 3274 119
772 3221 893 3288 coenem
911 3206 1003 3274 1110
1020 3203 1081 3288 reip
1099 3207 1123 3256 A
1136 3205 1146 3273 1
1160 3209 1194 3257 13

228 3275 300 3329 haec
316 3277 386 3400 {md
404 3279 442 3344 A,
466 3277 496 3358 et
514 3275 649 3359 11111111
668 3280 702 3330 14
719 3279 809 3346 posut
826 3278 879 3362 A]
903 3281 936 3358 19
952 3273 1115 3364 ‘defenditur
1133 3278 1193 3342 Au,

228 3360 297 3400 corr.
344 3361 361 3400 o
377 3347 388 3414 1
406 3347 652 3406 zosrmuletroncs
671 3351 712 3400 Ae
732 3349 743 3414 1
765 3351 799 3400 11
819 3363 898 3401 mum
917 3363 976 3416 rmp
1001 3350 1024 3398 A
1043 3348 1053 3416 1
1075 3352 1110 3400 11
1130 3361 1193 3400 sun·

228 3415 317 3484 ruine
335 3419 384 3468 AB
398 3419 407 3486 1
421 3416 585 3472 exercitium
602 3417 750 3486 1-11116
769 3416 815 3472 lex
833 3432 883 3474 cm.
902 3421 943 3470 Aa
956 3416 1107 3488 1110111111
1123 3421 1144 3470 1
