2682 3956
602 99 834 167 Qumnmlsm

639 313 795 382 ccciv,

500 440 618 506 Tutor
640 439 812 506 lenocinii
832 454 932 505 rens.

235 584 387 669 Pupillus
410 606 483 650 cum
506 587 615 648 tutore
638 581 759 666 agebat
780 583 912 665 tutelae,
933 584 1026 648 tutor
1047 605 1122 649 cum
1141 607 1204 668 pn·

324 673 405 760 pillo
438 671 600 737 adulterii.
647 670 841 736 remiserunt
871 669 1012 736 invicem
1043 673 1203 739 actiones.

200 775 218 826 o
325 760 480 828 lenocinii
501 763 593 824 tutor
614 781 688 824 reus
711 763 770 824 est

629 951 804 1018 SERMO.

302 1096 417 1162 Fuisse
448 1094 607 1180 quosdam
640 1095 808 1178 utriusque
838 1094 988 1160 inimicos
1020 1093 1075 1159 bic
1105 1098 1201 1163 tutor

237 1186 335 1270 dicet,
358 1184 415 1270 qui
437 1184 479 1249 ab
502 1183 597 1249 initio
620 1183 757 1248 moleste
780 1183 925 1266 tulerint,
947 1204 1014 1248 uon
1035 1183 1118 1266 ipsis
1141 1206 1201 1268 po·

235 1275 301 1340 tius
335 1274 485 1339 relictam
518 1293 589 1336 esse
620 1273 758 1336 tntelum
789 1275 836 1354 et,
872 1271 1027 1356 quoniam
1058 1272 1101 1337 ab
1133 1272 1199 1338 hac

183 1378 218 1428 10
235 1362 358 1449 praeda
384 1360 506 1428 exclusi
533 1361 613 1443 sint,
642 1360 827 1424 distulerint
855 1381 930 1444 spes
953 1382 1029 1424 suus
1052 1360 1088 1424 in
1110 1361 1199 1426 diem

235 1451 389 1518 ultimum
420 1450 555 1531 tutelae,
587 1453 625 1513 nt
657 1449 771 1513 rudem
803 1451 837 1513 et
862 1449 1048 1532 imperitum
1080 1449 1200 1533 pnpilli

236 1543 377 1605 aetatem
404 1538 573 1603 fraudibus
595 1537 663 1602 suis
685 1535 993 1602 circumscriberent
1030 1558 1064 1602 se
1086 1541 1199 1603 autem
1331 1541 1332 1548 ’

234 1629 358 1694 tutelae
384 1628 543 1711 rationes,
569 1629 608 1692 ut
636 1625 787 1710 debebat,
815 1624 1002 1690 reddidisse.
1052 1629 1199 1690 ceterum

235 1721 449 1797 metuentem,
481 1736 521 1780 ne
554 1714 706 1780 dimissus
738 1735 758 1777 a
785 1733 820 1778 se
851 1713 994 1798 pupillus
1025 1713 1197 1779 fraudibus
1331 1727 1332 1746 1

184 1808 271 1871 1111
298 1804 425 1870 insidiis
455 1802 660 1869 inimieorum
683 1801 1011 1885 circumscriberetur,
1038 1802 1129 1866 velut
1151 1803 1198 1866 al·

236 1896 341 1960 teram
372 1892 442 1957 eius
468 1893 605 1958 tutelam
633 1895 800 1978 gesturum
827 1891 863 1954 in
889 1890 985 1956 domo
1013 1890 1198 1958 retinuisse.

236 1985 315 2048 tunc
337 2002 413 2046 vero
436 1981 673 2047 consurrexisse
691 1979 778 2062 illos,
802 1979 857 2064 qui
874 1978 1012 2044 tntelum
1029 1979 1111 2064 ipsis
1128 1999 1198 2042 non

236 2071 445 2136 commissam
481 2070 616 2135 moleste
647 2067 804 2149 tulerant,
841 2069 874 2131 et
908 2066 1051 2151 graviter
1082 2089 1197 2132 excau-
1321 2099 1331 2114 ι

237 2158 354 2244 duisse,
381 2180 422 2223 ne
447 2162 579 2242 peracto
605 2149 736 2241 quidem
753 2155 877 2221 tutelae
894 2157 1041 2240 tempore
1061 2177 1081 2220 a
1098 2154 1196 2220 domo

183 2261 217 2312 1ο
237 2247 357 2314 tutoris
380 2246 539 2332 pupillum
563 2244 697 2329 dimitti,
720 2244 845 2308 nnllam
864 2245 1064 2309 occasionem
1083 2243 1125 2308 ud
1143 2242 1198 2307 de-

238 2335 442 2420 spolicndum
465 2335 653 2417 imperitum
675 2333 825 2397 invenem
843 2331 921 2396 dari
953 2333 1116 2416 cogitasse
1134 2332 1197 2415 igi-
1329 2365 1331 2398 1

235 2426 303 2507 tur,
336 2422 606 2510 quemadmodum
642 2420 804 2505 pupillum
836 2442 874 2484 ac
904 2423 1046 2485 tutorem
1081 2422 1196 2484 mutuo
1330 2443 1331 2460 ³

236 2512 348 2578 dolore
372 2510 597 2577 distraherent.
642 2532 719 2574 nam
745 2509 774 2573 si
795 2508 938 2575 rationes
961 2511 1090 2573 tuntum
1112 2506 1197 2572 info-
1328 2561 1329 2564 ,

236 2604 376 2682 manent,
407 2598 563 2664 videbant
589 2599 748 2681 futurum,
777 2600 815 2660 11
846 2597 970 2681 optima
997 2595 1198 2662 conscientia

183 2702 217 2754 25
236 2692 327 2754 tutor
352 2709 419 2752 non
442 2691 629 2771 expectaret
650 2686 800 2750 ultimam
819 2681 1200 2766 1111111111111111111111,ι
1328 2699 1329 2770 3

238 2776 295 2841 sed
322 2796 380 2860 per
412 2796 599 2840 communes
627 2774 748 2839 amicos
779 2773 1043 2857 propinquosque
1077 2771 1198 2857 pupilli
1328 2771 1329 2838 }

237 2863 451 2929 satisfaceret.
496 2862 657 2928 invenisse
686 2861 761 2924 illos
787 2861 962 2944 rationem,
989 2882 1054 2946 qua
1082 2863 1197 2925 mutuo

238 2951 349 3017 dolore
373 2949 604 3017 distraherent:
630 2948 832 3014 summisisse
856 2949 912 3034 qui
935 2949 1087 3031 dicerent,
1110 2948 1198 3012 male

236 3043 393 3108 tractatas
422 3061 442 3104 a
468 3042 576 3104 tutore
603 3039 760 3104 rationes:
792 3058 858 3101 non
886 3037 996 3103 omnia
1018 3057 1115 3101 nosse
1137 3057 1199 3118 pu-

308 3231 467 3300 'lutrisque
485 3231 536 3301 Al
559 3230 758 3285 8tuleruntll
779 3232 789 3298 l
813 3233 845 3281 13
865 3225 1045 3282 debebantB
1090 3231 1200 3282 20—21

234 3305 263 3358 ts
283 3301 460 3371 spoliandum
479 3303 571 3371 3123
590 3299 828 3355 distraherent
842 3302 865 3349 Δ
878 3299 888 3368 l
903 3299 1031 3352 11-141
1071 3301 1201 3354 rmorent

235 3371 450 3439 11111111
471 3373 482 3442 Ι
505 3377 538 3426 26
564 3370 734 3441 propinquos
751 3374 772 3423 a
794 3371 804 3438 ΙΙ
825 3372 860 3422 28
880 3367 1068 3422 summisseB
