2670 3962
205 125 271 194 232
572 125 803 193 QUINTILIANI

206 295 257 357 est
283 291 487 357 innocentem
516 311 613 374 posse
644 288 800 356 damnari.
840 312 907 356 non
937 289 1024 355 enim
1054 288 1174 356 dicitur

207 383 394 465 corruptum
421 399 493 444 esse
519 378 691 463 iudicium,
718 401 784 445 non
807 383 970 445 versatam
992 378 1173 464 pecuniam.

206 470 254 535 ita
284 491 352 535 non
380 467 566 534 erubescis?
602 467 766 533 homicida
792 469 883 534 visus
916 490 960 535 es.
1008 471 1046 532 tu
1072 487 1172 552 porro

206 563 337 624 tantum
355 557 535 625 accusatori
553 556 727 623 irasceris?
748 560 816 624 no'n
832 557 919 623 idem
937 557 978 622 de
996 560 1030 624 te
1048 555 1172 622 iudices

171 646 400 714 osenserunt‘?
422 668 489 713 non
512 647 659 713 omnium
682 646 885 712 sententiae?

597 925 780 996 eccm.

469 1071 545 1152 ugo
568 1070 618 1154 te,
642 1070 757 1154 pater,
782 1069 908 1138 occidi.

206 1213 377 1280 Parricidii
405 1235 478 1279 reus
506 1213 640 1298 paribus
670 1215 842 1280 sententiis
871 1213 1041 1280 absolutus
1064 1211 1172 1279 furere

297 1303 404 1388 coepit
426 1307 460 1368 et
483 1301 588 1367 dicere
611 1324 670 1387 per
691 1302 835 1370 furorem
859 1302 1059 1388 frequenter:
1088 1323 1172 1389 »ego

156 1408 190 1457 10
296 1397 340 1477 te,
357 1396 460 1478 pater,
480 1390 613 1458 occidi<
632 1393 847 1478 magistratus
861 1395 1030 1478 tamquam
1045 1390 1084 1457 de
1099 1411 1173 1458 con-

297 1481 385 1547 fesso
410 1480 606 1567 supplicium
631 1481 777 1567 sumpsit.
813 1502 888 1546 reus
912 1485 963 1547 est
987 1481 1105 1547 caedis.

602 1709 775 1778 SERMO.

276 1851 310 1920 si
333 1875 397 1938 qua
420 1857 523 1934 erunt,
547 1875 630 1939 quae
649 1875 669 1916 a
687 1852 790 1917 mein
811 1850 1025 1920 divisionibus
1044 1857 1173 1921 contro·

208 1942 387 2007 versiarum
419 1943 569 2009 dicantur
602 1939 715 2006 eadem
746 1940 961 2028 frequentius,
988 1943 1173 2029 intellegite

156 2045 189 2096 15
207 2031 278 2096 fieri
301 2031 442 2115 primum
464 2035 597 2116 propter
618 2031 838 2096 interventum
860 2053 1033 2119 novorum3
1057 2031 1172 2098 deinde

208 2121 341 2205 propter
365 2120 585 2186 condicionem
608 2117 809 2186 divisionum.
841 2139 917 2187 nam
935 2119 980 2206 hi,
1003 2121 1060 2207 qui
1076 2125 1173 2188 antea

207 2231 274 2275 non
301 2208 473 2276 audierunt
498 2207 700 2293 pertinentia
728 2208 768 2274 ad
791 2210 901 2295 plures
926 2213 1173 2296 controversias,

196 2297 328 2365 debent
351 2318 557 2383 cognoscere:
587 2301 620 2362 et
648 2296 689 2361 ad
711 2299 891 2382 praesentis
914 2299 1071 2364 materiae
1095 2321 1171 2365 con·

208 2388 385 2454 troversias
410 2385 517 2470 <non>
540 2385 624 2450 nihil
647 2386 796 2472 interest,
820 2386 982 2472 quomodo
1006 2408 1066 2474 ego
1090 2386 1171 2453 divi·

154 2489 190 2540 2ο
209 2477 319 2544 serim.

274 2599 337 2665 Est
355 2600 464 2663 autem
484 2619 649 2666 commune
667 2599 787 2684 <huio>
807 2619 879 2663 cum
893 2598 965 2663 aliis
985 2599 1171 2665 controver-

208 2688 265 2752 siis
285 2687 382 2752 huius
401 2687 557 2754 materiae
575 2689 665 2772 illud,
710 2687 774 2753 uod
792 2706 866 2751 reus
885 2686 1107 2772 magistratus,
1131 2687 1170 2755 de

208 2775 299 2840 cuius
327 2796 484 2860 personae
514 2776 674 2863 dignitate
701 2775 782 2840 haec
809 2774 882 2858 ipsa
908 2797 960 2841 res
989 2775 1071 2842 satis
1098 2799 1171 2862 pro·

206 2862 346 2931 nuntiat.
382 2864 510 2932 videtur
537 2867 637 2931 etiam
664 2864 703 2929 de
732 2867 806 2928 ante
835 2868 908 2930 acta
937 2865 1007 2931 vita
1028 2865 1172 2952 probari,

278 3062 294 3114 2
313 3060 485 3114 reversatum
504 3060 545 3108 Δι
558 3057 597 3126 113
617 3055 781 3112 erubescitis
800 3059 893 3127 Aal'l
913 3056 1004 3114 occidi
1022 3059 1171 3129 magistra-

205 3129 252 3182 tus
270 3131 311 3182 Δι
332 3131 342 3199 l
364 3135 396 3183 16
415 3127 457 3182 hii
474 3131 498 3179 Δ
511 3129 521 3196 ΙΙ
536 3132 568 3181 17
588 3127 804 3184 controversitas
823 3134 864 3182 Aa
881 3131 891 3198 l
910 3134 1015 3186 18-19
1034 3129 1170 3186 materiae

205 3199 278 3254 illud
297 3197 500 3256 controversias
516 3202 558 3251 Aa
580 3201 590 3269 ll
612 3204 645 3253 19
663 3197 761 3272 <non>
779 3199 823 3256 Ro
846 3201 855 3270 l
878 3206 911 3255 21
932 3201 1086 3256 communis
1105 3218 1171 3257 cura

207 3267 479 3336 controversiam,
508 3269 664 3326 eommunis
687 3287 754 3326 cura
778 3271 843 3326 aliis
867 3270 1063 3328 controversiis
1086 3277 1169 3340 Δης

205 3356 353 3396 commune
369 3356 432 3396 cum
447 3340 510 3396 aliis
525 3341 720 3397 controversiis
734 3341 801 3397 Rea
810 3363 820 3408 ,·
830 3343 896 3398 tino
909 3355 1056 3400 commune
1063 3342 1172 3416 <huio>

207 3429 269 3467 oum
288 3410 352 3464 aliis
370 3409 485 3480 1201122
505 3428 592 3481 quoq:
611 3415 704 3482 31123
723 3430 767 3468 res
786 3429 835 3470 om.
855 3418 875 3468 Ι
