2692 3960
407 139 728 199 nnceeusuouns
747 140 888 199 CCCXXI.
1060 141 1126 210 263

153 307 234 376 ees?
267 306 381 396 sequid
404 306 481 390 eois,
501 305 581 390 quid
602 305 701 390 poulo
725 307 801 374 onte
823 305 945 376 fueris?
982 327 1069 375 nuno
1092 310 1126 374 te

153 396 382 464 circumfluens
410 393 561 480 peeunie,
588 415 676 463 nuno
701 394 767 463 ists
789 394 955 480 usnoipia
977 397 1010 462 et
1033 395 1125 480 quid·

153 483 237 572 quid
262 484 419 569 quaesisti
442 483 563 552 seelere
585 481 759 550 ditabunt?

242 572 413 642 Venenum
447 571 536 639 dicor
568 570 697 638 dedisse
727 571 762 638 in
794 592 874 642 oeno
906 593 989 640 moe.
1034 572 1124 641 odii

155 661 376 730 immortales!
408 663 479 728 eret
503 660 635 746 quidem
661 659 831 730 honestius
854 660 914 730 illu
936 658 1123 730 defensione
1143 677 1160 728 o

153 750 356 835 petsouineui
392 771 509 818 omues
545 771 650 816 mese:
686 770 847 818 venenum
883 749 1004 834 aliquis
1039 749 1126 818 inter

157 841 243 908 lares
270 861 361 921 suos,
392 839 478 906 inter
507 859 600 906 seete
627 859 771 922 mensae,
803 839 968 908 coronatis
1001 838 1125 924 puriter

152 949 239 1012 quos
316 928 449 998 ebemns
468 926 531 994 diis
548 927 801 1011 immortalibus,
825 947 985 1010 venenum
1003 927 1124 1014 aliquis

156 1016 274 1084 hilesis
321 1017 328 1030 '
364 1017 393 1084 ri
416 1016 526 1086 detis?
569 1038 636 1084 non
658 1016 721 1084 hoo
743 1017 851 1101 ipsum
875 1015 1006 1083 obstitit
1028 1037 1125 1084 oons-

152 1105 245 1172 tibus
268 1105 358 1189 meis,
380 1104 466 1190 quod
487 1127 554 1172 non
576 1104 789 1172 credebatur?
823 1127 985 1173 venenum
1004 1105 1122 1190 uliquis
1144 1122 1179 1172 10

153 1195 388 1262 eircumstsnts
410 1193 546 1278 semilis,
564 1194 791 1280 proesentibus
809 1194 999 1262 ministeriis
1023 1194 1123 1278 duret,
1250 1214 1253 1220 ·

153 1282 348 1350 foedatum
363 1283 518 1350 oontinuo
538 1282 693 1350 sudavere
711 1283 794 1349 illud
808 1282 993 1352 convivium
1006 1281 1124 1350 suum?

156 1375 195 1438 ut
212 1392 327 1440 severo
343 1371 439 1440 uobis
463 1371 643 1456 antiquitus
665 1370 814 1454 tradidit,
835 1370 974 1440 infestos
997 1371 1123 1438 animos

157 1460 327 1545 pleesvere
355 1481 500 1544 menses,
528 1464 561 1526 et
587 1459 750 1539 homines,
777 1459 834 1545 qui
855 1459 942 1528 intes
965 1481 1000 1526 se
1023 1460 1123 1526 ermis

154 1552 255 1634 etque
282 1549 477 1618 exercitibus
506 1548 734 1632 oonflixerent,
765 1547 830 1614 tuti
857 1551 968 1618 tumen
995 1548 1123 1620 ieouere
1144 1565 1177 1614 1s

157 1637 263 1706 medie
285 1659 384 1704 oenus
406 1638 479 1704 fide.
511 1635 566 1704 Sio
588 1635 717 1704 defendi
739 1637 875 1705 decebat
892 1637 1124 1710 innocentium.

157 1726 214 1794 sed
237 1730 396 1811 quatenus
418 1730 586 1812 tumqusm
609 1726 748 1811 maligni
769 1725 943 1812 loquimur,
966 1729 1124 1812 quotenus

154 1818 326 1900 temonem
354 1817 511 1902 suspensi,
540 1816 576 1882 in
599 1816 787 1899 praesentis
809 1814 958 1899 seponite
978 1818 1125 1883 mentem

156 1925 278 1989 meem,
301 1905 447 1989 seponite
470 1903 722 1989 fraternitatem,
745 1905 892 1990 seponite
916 1907 993 1972 ente
1017 1906 1124 1974 sotem

156 1992 267 2058 vitam.
308 1996 477 2082 tamquam
500 1994 539 2059 de
562 1994 747 2076 venefio[i]o
771 1994 896 2086 loquar.
924 2014 988 2078 quo
1013 1993 1121 2070 mjnus
1141 2009 1176 2058 20

155 2081 239 2164 loeo,
262 2102 325 2168 quo
350 2082 455 2147 minus
478 2085 626 2185 tempore
649 2083 725 2158 dere
748 2082 843 2149 fratri
865 2102 938 2147 meo
957 2081 1124 2156 debuesim

156 2168 340 2234 venenum?
376 2191 481 2255 neque
510 2193 597 2238 enum
625 2173 796 2256 quisquam
824 2170 966 2254 dubitet,
994 2170 1125 2254 iudices,

157 2257 238 2340 quin
259 2255 400 2322 faciendi
423 2259 554 2326 sceleris
572 2258 743 2328 eonsilium
765 2280 834 2324 non
851 2280 950 2331 unam
970 2258 1056 2334 viem
1077 2257 1124 2324 in-

155 2346 304 2428 tueatur,
330 2348 368 2418 ut
396 2344 437 2411 ed
464 2368 625 2412 summam
654 2347 792 2436 cogitati
810 2347 1027 2434 inoohutique
1054 2368 1125 2450 per-

156 2433 280 2516 veniet,
313 2432 370 2498 sed
396 2432 490 2501 illem
518 2435 669 2514 alterum,
699 2434 752 2501 vel
775 2435 881 2520 magis
904 2456 1122 2509 necessarium
1143 2450 1177 2504 25

155 2525 191 2586 et
213 2544 297 2606 quae
319 2522 451 2612 penitus
473 2522 510 2588 in
533 2522 787 2613 cogitationibus
806 2521 932 2607 sedeat,
955 2527 992 2587 ut
1019 2521 1124 2590 scelus

155 2611 244 2700 quod
267 2610 431 2680 commisit
458 2616 565 2697 neget.
610 2632 770 2680 venenum
794 2611 849 2679 do:
882 2615 916 2679 et
938 2611 1024 2684 unde
1049 2611 1124 2696 soie,

155 2721 200 2764 en
235 2699 396 2768 exhauste
431 2699 564 2783 potione
603 2701 716 2772 stetim
747 2698 918 2776 sonuidot?
960 2698 1051 2774 venit
1083 2697 1124 2768 ud

230 2932 244 2979 1
264 2927 335 2983 hese
352 2927 421 2998 quid
438 2932 474 2998 Δ,
492 2926 610 2997 etquid
627 2932 649 2980 l
675 2929 686 2997 t
712 2934 729 2983 2
748 2927 817 2996 quid
836 2930 857 2981 B
881 2929 892 2996 Ι
914 2935 930 2983 t
950 2927 1054 2998 uliquis
1073 2941 1125 2982 oss.

155 2997 211 3065 η
235 3001 251 3050 8
270 2999 319 3053 des
337 3004 390 3067 es,
418 2997 462 3054 dis
480 3003 521 3051 Ab
539 3001 550 3067 t
568 3005 584 3053 9
603 2999 712 3068 hylaris
730 2999 825 3069 hylari
841 3002 864 3051 B
887 2999 897 3067 ΙΙ
921 3003 954 3053 12
982 2998 1017 3053 in
1046 3013 1126 3053 oon·

155 3067 250 3123 visio
273 3068 348 3125 deri
375 3085 507 3125 veneno
528 3086 595 3124 non
621 3086 722 3139 posse
746 3074 769 3122 Δ
795 3070 806 3141 Ι
834 3069 968 3124 continuo
996 3084 1048 3123 oon
1076 3067 1126 3122 de·

155 3155 222 3194 vere
249 3143 290 3194 ιι
314 3142 326 3210 1
354 3146 387 3196 le
414 3139 505 3196 trudit
529 3143 550 3192 B
573 3141 583 3208 Ι
605 3139 708 3196 intuto
735 3144 814 3202 B-t’
834 3142 846 3210 1
870 3145 903 3196 lb
931 3138 1127 3194 eontinxerunt

155 3209 887 3281 Bfltuteh,utitb‚tuteitelfllfltidesl
911 3213 925 3278 1
952 3207 1126 3280 dieebetltl

155 3285 191 3334 20
214 3279 304 3337 vitem
327 3299 411 3350 quem
429 3286 450 3335 ὓ
476 3285 488 3351 Ι
514 3281 649 3337 veneficio
672 3281 774 3362 loquor
797 3284 862 3348 u,
891 3295 960 3336 sorr.
979 3279 1025 3334 Bo
1051 3281 1062 3350 ΙΙ
1090 3286 1126 3334 21

156 3351 259 3407 deris
281 3353 292 3420 Ι
313 3351 389 3422 petri
406 3354 525 3421 &123
545 3351 595 3420 qui
612 3350 798 3411 insumendis
816 3368 854 3409 so.
872 3354 918 3421 11
937 3350 1044 3411 scelere
1061 3353 1127 3419 n,

154 3438 226 3478 sorr.
246 3422 288 3478 Gr
300 3424 311 3492 ι
325 3430 359 3479 se
377 3423 408 3478 in
425 3428 516 3479 oen
