2692 3960
398 138 719 198 DECLAMATIONES.
739 140 892 197 GOOXXX.
1068 142 1134 209 299

167 305 332 394 praestari
354 304 417 370 filii
439 304 489 369 tui
511 302 634 370 matri?
662 306 694 369 et
718 303 747 369 si
768 303 831 372 hoc
850 303 958 371 animo
977 304 1076 391 fuisti,
1097 308 1135 370 tu

169 394 312 478 voluisti,
334 398 372 460 tu
396 392 521 459 dedisti.
553 414 612 459 nec
636 393 724 458 enim
742 392 893 477 cuiquam
914 392 1067 459 credibile
1086 394 1135 461 vi-

165 485 238 552 deri
269 487 394 568 potest,
426 482 596 566 ignorasse
625 485 671 563 te,
709 502 751 546 en
784 500 845 565 ego
878 502 953 546 vere
981 501 1134 550 amarem.

165 593 221 640 me
245 572 314 638 sine
338 570 436 638 dubio
461 574 495 636 et
516 569 709 636 verecundia
732 574 766 635 et
786 573 891 636 metus
914 569 1057 636 inhibuit
1075 570 1134 635 ali·

169 664 343 747 quatenus,
366 680 479 725 vorum
503 659 616 725 statim
640 658 754 725 dicare.
790 657 847 723 sed
870 677 940 724 curo
961 658 1133 742 pecuniam
1153 673 1169 722 5

171 749 363 834 acciperem,
390 748 467 813 illae
494 769 547 814 me
575 747 746 813 subierunt
773 746 1002 832 cogitationes,
1035 767 1134 831 quam

165 837 389 923 indulgenter,
416 857 515 920 quam
542 835 718 921 prudenter
744 835 881 918 faceres,
909 838 946 900 ut
968 835 1134 902 infelicem

167 926 322 992 feminam
351 924 468 1006 clercs,
500 945 559 988 nec
586 923 741 989 videreris
768 923 804 988 in
831 923 973 1009 gratiam
1000 923 1132 989 redisse.

232 1013 301 1098 „Tu
319 1016 441 1096 tamen,
463 1011 578 1133 inspuit,
599 1012 756 1078 mentitus
775 1033 810 1076 cs
828 1011 916 1096 patri
935 1015 1133 1079 clamorem

167 1101 345 1169 meretricis
368 1099 510 1166 finxisti}
550 1099 602 1166 Ita
625 1099 829 1166 innocentior
850 1122 949 1182 eram,
973 1101 1001 1168 si
1018 1122 1132 1166 verum
1153 1115 1187 1166 ιο

162 1189 343 1257 dixissem?
379 1190 477 1274 plena
499 1192 548 1255 est
570 1188 756 1255 huiusmodi
779 1189 904 1254 artibus
926 1189 1010 1273 vita,
1032 1189 1130 1275 plena

166 1283 243 1348 sunt
270 1278 369 1345 etiam
396 1278 540 1344 theatra:
573 1277 880 1343 circumscribuntur
904 1282 938 1343 et
961 1299 1129 1344 servorum

164 1368 292 1434 artibus
314 1370 425 1453 patres
449 1370 483 1432 et
504 1364 682 1432 mendaciis
705 1365 862 1431 filiorum:
890 1369 923 1431 et
946 1365 1129 1452 ignoscunt,

162 1477 239 1524 cum
261 1454 486 1521 meretricibus
508 1454 645 1540 pecunia
672 1455 780 1539 datur,
809 1476 882 1522 cum
905 1453 1015 1540 aliqua
1043 1454 1130 1520 ale·

163 1566 249 1612 none
281 1543 452 1611 redimitur
483 1544 609 1610 ancilla.
654 1542 722 1608 dixi
754 1564 898 1609 amorem
926 1564 996 1608 esse
1027 1557 1183 1610 merc-15

164 1634 269 1700 tricis:
293 1636 461 1717 acceptam
482 1633 653 1717 pecuniam
676 1631 775 1697 matri
798 1630 879 1697 dedi.
924 1631 1129 1698 innocentior

165 1744 243 1809 ergo
276 1742 377 1876 erspn,
411 1721 439 1788 si
469 1721 640 1806 pecuniam
667 1722 767 1787 matri
798 1721 936 1806 pet'tam
966 1720 1130 1787 meretrici

164 1812 326 1878 dedissem

231 1898 342 1967 Possit
364 1896 468 1964 videri
487 1897 556 1965 sine
576 1897 673 1964 dubio
695 1896 810 1963 durum
830 1901 864 1963 et
882 1918 1043 1983 ceperum,
1067 1918 1131 1984 me,

164 2011 240 2056 cum
262 1989 332 2073 ipsc
356 1986 418 2052 sim
441 1985 477 2052 in
494 1987 648 2073 periculo,
671 1986 772 2052 etiam
791 1985 893 2071 <pro>
913 1987 978 2052 alio
997 2007 1131 2074 rogare:
1150 2001 1185 2050 20

164 2098 386 2163 quaecumque
409 2078 521 2141 tamen
544 2075 678 2159 eccesie,
702 2096 923 2161 quaecumque
945 2078 1058 2142 tamen
1076 2096 1133 2140 ne-

166 2165 300 2233 cessitas
324 2168 388 2249 est,
417 2162 446 2229 si
468 2164 534 2230 iam
559 2183 620 2250 ego
645 2162 777 2247 offendi,
806 2163 835 2229 si
858 2163 949 2248 quid,
972 2162 1056 2248 quod
1079 2185 1134 2248 pa-

166 2276 240 2320 rum
272 2251 462 2339 simpliciter
493 2253 692 2337 rogaverim,
730 2252 892 2335 irasceris,
922 2251 1015 2317 illam
1050 2272 1134 2317 com·

172 2340 289 2408 mendo
313 2341 478 2408 miseram:
500 2361 567 2406 non
589 2343 627 2405 ut
648 2339 785 2406 reducas
806 2337 882 2426 (fuit
901 2340 965 2406 ista
984 2361 1057 2426 spes
1077 2339 1134 2406 ali·

170 2429 299 2517 quando
327 2433 360 2496 et
389 2429 544 2510 forsitan,
573 2429 601 2494 ai
622 2427 748 2494 felicior
772 2449 890 2512 essem,
917 2432 1063 2494 maneret
1081 2428 1133 2494 ad·
1154 2442 1187 2491 25

169 2515 258 2607 huc),
280 2519 370 2603 illud,
394 2517 480 2605 quod
504 2535 602 2602 egens
626 2519 659 2582 et
682 2515 850 2583 abdicatus
872 2537 1004 2583 necesse
1027 2516 1133 2582 habco

169 2608 349 2694 deprocari,
371 2614 408 2674 ut
432 2607 515 2691 alas,
538 2604 669 2671 etiamsi
691 2605 851 2670 irasceris.
898 2605 1027 2690 qualem
1047 2604 1134 2669 enim

166 2698 305 2763 miserae
334 2697 423 2762 illius
447 2694 615 2762 existimas
638 2693 757 2778 vitam,
788 2713 861 2759 oum
885 2692 974 2759 cibos
998 2691 1133 2760 cotidia-

167 2806 229 2851 nos
252 2784 335 2868 petit
358 2787 391 2850 et
414 2805 541 2867 semper
563 2785 598 2850 in
620 2785 788 2869 posterum
812 2802 909 2869 egens
933 2779 1005 2849 est?
1048 2781 1134 2868 equi-

169 2873 243 2938 dem
257 2893 380 2955 vereor,
393 2872 524 2957 iudices,
538 2893 579 2937 nc
592 2871 767 2958 posthanc
781 2892 887 2939 meam
902 2870 1134 2954 calamitatem,
1154 2884 1187 2934 30
1303 2860 1309 2880 ‘

167 2982 267 3048 quam
299 2960 491 3046 praesertim
523 2961 686 3046 excepisse
713 2982 765 3026 mc
792 2964 926 3047 propter
954 2959 1134 3025 misericor-

241 3140 254 3190 1
274 3134 459 3206 praestaret
482 3135 550 3208 flet]
571 3134 686 3206 atRoss
709 3133 846 3202 fuitn,
866 3149 934 3189 corr.
954 3131 1133 3202 Aerndme

165 3222 218 3263 om.
238 3207 282 3277 ³ss
295 3207 373 3262 metu
391 3207 464 3276 3115
483 3207 537 3260 *ut
556 3209 607 3259 AB
620 3206 631 3274 ΙΙ
646 3209 679 3260 10
697 3203 832 3260 influxisti
850 3205 895 3272 Bss
908 3217 1004 3260 rerem
1023 3206 1064 3256 Aa
1077 3203 1087 3274 ΙΙ
1103 3206 1137 3258 14

168 3275 298 3334 alienonc
316 3282 357 3332 Aa
384 3277 393 3348 ll
422 3282 457 3333 20
476 3275 569 3350 (pro)
588 3274 645 3331 Aer
667 3276 676 3345 ΙΙ
698 3281 732 3330 21
753 3274 862 3330 occasio
882 3289 1064 3344 quaecunque
1084 3288 1135 3330 om.

167 3349 190 3399 B
213 3350 216 3419 l
236 3347 332 3404 tomen
349 3363 399 3406 om.
419 3353 440 3400 1’
472 3352 476 3418 Ι
504 3351 538 3402 25
557 3350 738 3402 muneremn
766 3347 776 3416 ss
803 3349 909 3400 25-26
928 3359 1042 3401 manere
1059 3343 1132 3401 illud

164 3416 205 3471 ad
225 3434 260 3473 uc
279 3422 335 3490 AB,
354 3435 423 3476 corr.
473 3421 558 3490 01128
578 3417 765 3474 exaestimaus
786 3418 809 3470 Δ
