2640 3968
205 113 226 178 8
565 110 796 178 QUINTILIANI

203 296 265 360 pus
288 295 411 360 meum,
442 275 530 360 quod
558 296 624 341 non
648 276 752 341 solum
783 278 875 340 motu
904 276 1089 360 [corporis],
1115 275 1163 342 fa·

203 363 314 428 miliae
338 363 595 430 conclamatione
613 364 748 430 excitari
770 385 837 430 non
859 365 981 449 potuit,
1004 365 1061 430 sed
1083 365 1164 431 belli

203 451 347 518 tumultu
371 457 404 518 et
426 453 555 538 fragore
579 453 747 538 signorum
770 453 1039 537 et-trepidatiene
1060 454 1161 520 totius

204 540 363 607 civitatis:
403 541 566 606 victurum
598 541 828 626 promitteres?
869 540 1069 607 Veneficium
1089 543 1163 626 fini-

169 630 284 694 stione
319 629 428 714 docui,
465 629 654 695 veneficium
686 629 831 715 periculo
864 629 971 696 docui:
1007 632 1081 696 volo
1115 631 1162 697 di·

204 739 275 782 cere
298 719 392 783 etde
415 720 533 784 animo.
556 719 727 784 Potionem
749 719 846 784 istam
866 720 917 783 cui
936 718 1074 784 dedisti?
1097 743 1162 804 quo

202 810 348 890 tempore
372 806 513 872 dedisti?
548 807 700 892 privigno
724 807 850 873 dedisti.
878 808 906 872 si
930 808 995 873 elio
1018 812 1165 894 tempore

204 895 361 980 dedisses,
393 895 560 981 deceptam
593 899 626 961 te
657 899 821 981 putarem:
857 917 943 962 nunc
970 899 1165 984 excogitasti

203 983 378 1069 potionem,
402 1006 485 1070 quae
507 1006 559 1049 me
582 985 655 1070 lege
679 984 844 1051 occideret.

151 1089 184 1138 10
270 1071 430 1158 Equidem
448 1073 478 1138 si
491 1095 543 1138 me
557 1073 755 1158 interroges,
778 1073 898 1140 vixisse
927 1096 977 1139 me
1000 1074 1057 1140 illo
1080 1079 1163 1141 tem·

203 1181 282 1246 pore
304 1182 370 1227 non
393 1161 546 1228 arbitror.
573 1162 650 1248 quid
664 1157 781 1227 'eram?
803 1183 862 1247 pro
881 1162 928 1227 dii
946 1163 1162 1230 immortales!

204 1254 260 1315 aut
282 1251 316 1314 in
340 1272 404 1336 qua
425 1253 519 1336 parte
541 1256 678 1317 natrrrae
701 1251 824 1318 locarit
841 1273 893 1316 me
910 1253 1071 1318 noverca?
1093 1253 1163 1319 bel·

202 1338 271 1403 lum
298 1339 381 1405 mihi
407 1340 594 1405 nuntiatum
622 1344 685 1424 est,
717 1344 749 1404 et
770 1339 949 1425 hominem,
979 1363 1074 1426 quem
1096 1363 1164 1407 non

203 1428 422 1513 peregrina-tio
446 1428 600 1512 detinuit,
622 1450 690 1494 non
708 1428 857 1494 absentia
883 1429 952 1494 ulla
978 1430 1159 1516 epericulo

151 1532 184 1582 15
204 1515 345 1582 civitatis
364 1518 534 1602 relegavit,
548 1518 702 1602 <somnus
721 1518 858 1600 vinxit).
887 1517 964 1602 quid
988 1521 1095 1584 actam
1119 1519 1165 1584 sit

203 1607 354 1670 manente
377 1627 429 1670 me
451 1606 539 1671 intra
562 1628 681 1690 muros,
704 1606 942 1670 commilitones
963 1607 1028 1671 mei
1050 1629 1163 1673 narra·

203 1697 333 1758 verunt:
366 1694 483 1760 dicitur
511 1695 625 1781 ingens
653 1694 755 1759 fuisse
781 1694 959 1778 proelium,
990 1697 1166 1761 commissa

202 1781 366 1868 utrimque
390 1784 493 1865 acies,
516 1781 615 1848 dubia
638 1804 735 1867 saepe
761 1783 899 1848 victoria
921 1787 954 1847 et
977 1783 1041 1849 huc
1065 1789 1164 1870 atque

203 1870 281 1936 illuc
305 1893 378 1956 spes
397 1873 564 1955 inclinata,
586 1894 659 1937 cum
681 1870 813 1936 interim
830 1871 934 1956 miles,
956 1871 992 1936 in
1010 1895 1074 1958 quo
1092 1875 1164 1958 plu·

150 1975 184 2025 20
202 1959 322 2024 rimum
343 1961 490 2045 fiduciae,
512 1961 547 2024 in
571 1981 635 2045 quo
658 1959 835 2024 maximum
859 1964 1061 2026 momentum
1078 1962 1165 2027 ride·

202 2048 309 2134 batur,
331 2049 366 2113 in
388 2050 481 2115 nulla
503 2053 595 2133 parte
618 2048 707 2113 visus
730 2048 869 2114 auditur.
893 2049 969 2134 quid
991 2050 1065 2135 plus
1089 2072 1165 2116 con-

202 2137 329 2222 tingere
350 2138 460 2222 potuit
481 2137 584 2220 hosti,
612 2136 641 2202 si
662 2136 842 2220 perissem?
886 2160 954 2205 non
976 2139 1042 2204 alio
1065 2140 1163 2204 modo

202 2226 311 2291 audivi
334 2226 436 2310 bella,
459 2248 557 2311 quam
575 2246 710 2290 avorum
728 2246 988 2312 proavorumque
1006 2229 1163 2312 tempori·

200 2314 272 2379 bus.
317 2312 415 2379 Atei
448 2313 528 2378 mihi
560 2313 654 2378 detur
686 2314 867 2380 emendatio
898 2317 1160 2401 praeteritorum,

149 2418 183 2469 25
201 2403 328 2468 utinam
350 2423 488 2468 noverca
512 2400 594 2467 illud
617 2402 729 2467 statim
748 2425 907 2470 venenum
925 2405 1075 2489 dedisset,
1097 2427 1163 2489 quo

202 2491 270 2557 vita
287 2490 482 2558 auferretur!
504 2489 562 2554 illa
584 2491 718 2574 potione
742 2497 968 2579 consumptum
991 2496 1063 2558 tota
1086 2493 1163 2558 civi·

202 2583 253 2645 tas
287 2578 327 2645 ad
359 2600 476 2664 rogum
506 2579 652 2664 tulisset,
684 2581 881 2647 celebrasset
903 2581 1030 2662 laudes,
1062 2581 1163 2646 etiam

201 2668 358 2752 temporis
382 2667 555 2733 discrimen
578 2669 720 2734 multum
743 2671 909 2735 attulisset
927 2668 1163 2734 admirationis.

201 2757 259 2821 illa
283 2756 427 2822 dicerent
449 2756 613 2824 homines:
636 2779 720 2824 ›non
742 2759 930 2824 tulissemus
953 2756 1043 2841 haec,
1065 2757 1094 2822 si
1117 2759 1162 2822 ri·

274 2953 288 3002 1
309 2947 432 3018 eorporis
445 2953 477 3015 Δ,
495 2950 612 3012 exclusit
624 2949 685 3018 Ro;
701 2951 749 3006 scd
766 2950 856 3004 ando
874 2963 913 3002 aa
931 2947 1005 3003 aliae
1019 2951 1163 3033 penettoac

200 3019 406 3074 aenomaus
423 3020 461 3074 at
477 3022 487 3090 ll
505 3027 521 3075 3
540 3020 645 3091 frigore
663 3023 708 3074 Aa
725 3024 735 3089 l
755 3026 773 3075 4
791 3019 911 3075 seientia
928 3020 1105 3088 A,fin1tione
1124 3021 1162 3091 (2)

201 3090 246 3145 Ro
258 3091 269 3159 l
282 3095 299 3145 5
313 3106 374 3145 esse
387 3091 512 3160 periculo
526 3096 567 3145 Aa
579 3095 589 3161 u
603 3098 619 3146 9
634 3092 691 3160 qua
704 3095 744 3144 Ab
758 3093 768 3161 Ι
781 3090 956 3156 occideritA,
966 3107 1035 3147 corr.
1046 3092 1114 3160 Frl
1129 3099 1159 3146 11

200 3160 278 3216 enim
296 3165 328 3230 Δ,
348 3177 416 3217 corr.
435 3162 694 3236 Rol15<somnus
713 3160 833 3235 vinxit.)
851 3161 896 3217 Ro
915 3163 1055 3229 conseras
1072 3168 1162 3231 221.-

200 3230 332 3287 devincta
349 3249 427 3290 mens
454 3235 464 3302 l
495 3237 561 3289 aeta
578 3239 631 3300 Aa,
658 3232 716 3288 acti
733 3237 782 3300 Ab,
801 3250 870 3288 corr.
889 3233 934 3288 Ro
947 3235 957 3302 l
972 3239 1005 3290 18
1023 3236 1164 3302 utrunque

200 3325 241 3374 Aa
253 3322 263 3390 Ι
276 3326 310 3377 23
329 3337 551 3391 proavorumque
569 3322 681 3390 Astu
698 3324 795 3377 nota:
819 3320 854 3376 si
871 3307 902 3376 rir
920 3317 990 3377 det'
1004 3324 1162 3379 emenda-

200 3390 249 3446 tio
268 3392 539 3463 praeteritorum
558 3397 581 3444 Δ
593 3395 604 3462 l
617 3397 652 3446 26
671 3392 813 3448 auferetur
829 3398 871 3447 Aa
