2682 3956
404 140 721 198 DECLAMATIONES.
742 140 878 201 ccccxl.
1047 145 1112 210 393

545 337 720 406 SERMO.

222 461 508 550 circumscriptam
533 485 567 530 se
589 487 690 530 nurus
713 467 864 550 queretur
888 465 978 532 etin
996 467 1111 533 ultimo

157 556 299 636 quaeret,
321 554 470 638 inquom
492 574 588 619 usum
611 575 692 619 snus
714 555 825 620 dotem
848 553 1015 620 desideret

222 639 346 708 Oontre
369 641 427 707 ille
449 641 542 724 dicet,
563 642 647 708 henc
664 643 832 708 mulierem
852 643 1060 710 ambitiosam
1079 645 1112 707 et

153 729 321 816 profusam
334 729 450 797 fnisse:
465 752 531 796 non
544 731 677 798 minime
690 734 865 817 propterea
878 732 919 797 ed
933 733 1111 819 egestatem
1130 746 1146 797 c

152 819 343 904 perductum
367 819 481 886 virum.

465 993 802 1065 DECLAMATIO.

220 1117 331 1184 Nurus
359 1123 488 1205 oportet
516 1143 535 1185 a
561 1122 632 1187 viro
657 1123 766 1198 dotem
788 1125 928 1210 repetet,
960 1143 1114 1188 socrusc

152 1207 359 1294 patrimonio.

546 1383 727 1452 ocem.
1133 1406 1166 1456 ιο

353 1507 519 1593 Depositi
541 1509 640 1594 rapti
662 1507 917 1594 quadruplum.

154 1631 220 1711 0111
234 1651 434 1701 nnrosmun
447 1651 673 1719 peromnem,
687 1653 793 1700 ronne
813 1652 858 1700 nr
878 1652 945 1702 smr
962 1652 1113 1703 menes.

242 1718 380 1798 Quidem
399 1745 473 1789 oum
492 1724 675 1809 depositum
692 1723 780 1790 furto
795 1724 968 1809 emisisset„
985 1724 1113 1792 iuravit.

241 1815 357 1896 postes
392 1811 497 1879 furem
528 1813 709 1880 damnavit:
747 1814 858 1900 exegit
888 1813 1113 1899 quadruplum.

242 1899 392 1968 dominus
414 1901 478 1968 hoe
502 1924 629 1988 quoque
651 1902 743 1987 petit.
1132 1919 1166 1969 15

463 2077 801 2145 Dmonnnnrlo,

219 2197 312 2267 Meae
337 2203 492 2286 pecuniae
515 2203 656 2268 accessio
680 2201 721 2268 ed
743 2223 795 2266 me
816 2202 967 2287 pertinet
1012 2203 1113 2291 quid?

154 2287 182 2354 si
210 2289 297 2354 enim
324 2289 474 2374 cognitor
501 2310 606 2375 meus,
639 2289 737 2376 quid?
775 2291 804 2355 si
830 2296 1024 2375 procurator
1050 2292 1113 2358 hoo

153 2375 239 2443 idem
262 2375 480 2464 respondeat?
509 2378 659 2465 denique,
684 2378 781 2464 quid?
814 2379 843 2445 si
866 2379 1038 2445 damnatus
1061 2381 1113 2446 fur

152 2487 222 2532 non
239 2469 347 2532 totum
366 2466 541 2533 solvisset?
573 2488 689 2552 nempe
717 2487 824 2533 meum
852 2467 1006 2536 damnum
1034 2473 1112 2535 eret.
1131 2468 1165 2517 20

152 2575 195 2620 sn
215 2556 376 2622 iacturam
394 2555 495 2622 debeo
515 2556 644 2640 sentire,
667 2556 883 2621 accessionem
901 2579 968 2623 non
987 2556 1113 2622 debeo?

153 2664 214 2729 ego
238 2645 325 2710 enim
349 2667 369 2710 s
390 2649 423 2710 te
445 2645 576 2730 recessi,
598 2665 672 2709 eum
694 2644 820 2711 iurasti.
856 2645 922 2709 ism
945 2666 1019 2711 cum
1041 2646 1112 2710 fure

98 2803 102 2812 ,
154 2732 236 2798 mihi
264 2734 433 2819 negotium
461 2737 523 2799 est:
557 2734 612 2799 hic
638 2731 794 2819 quidquid
819 2732 966 2820 solverit,
997 2733 1038 2800 ed
1060 2755 1112 2799 me

152 2821 303 2907 pertinet

546 2995 721 3065 SERMO.
1132 2997 1166 3047 2⁵

224 3118 347 3187 Contra
369 3119 426 3186 ille
450 3141 508 3186 suo
531 3121 662 3187 nomine
684 3121 790 3206 egisse
809 3143 843 3186 se
863 3122 960 3187 dicet:
982 3121 1113 3188 investi·

225 3281 242 3332 2
261 3277 471 3347 circumscripte
488 3281 509 3331 2
529 3281 539 3348 u
561 3277 688 3347 queritur
703 3281 748 3349 211
769 3278 799 3334 in
818 3295 867 3335 orn.
886 3281 931 3350 211
953 3285 969 3334 3
988 3297 1027 3335 us.
1046 3281 1113 3336 ente

154 3347 211 3403 dot.
230 3351 251 3400 2
265 3349 275 3418 fl
288 3354 323 3404 20
342 3347 475 3404 domnum
492 3365 586 3404 meum
599 3354 620 3403 2
633 3351 643 3418 ΙΙ
656 3355 690 3404 21
711 3351 776 3406 ieet.
796 3350 930 3406 debemus
949 3352 1040 3406 senil
1054 3353 1064 3422 ss
1078 3355 1111 3406 22

153 3433 206 3489 ego
225 3417 294 3473 olim
312 3435 330 3474 e
347 3418 391 3476 120
404 3422 414 3490 ΙΙ
427 3425 461 3475 23
480 3419 639 3477 solveret!
