2668 3968
200 95 284 215 ⁸roe
584 149 809 216 conemini

217 314 284 379 adii
302 312 524 400 magistratus,
546 312 718 379 fortiorem
735 312 864 398 puellae
882 333 995 378 vocem
1012 311 1181 398 imperavi,

217 403 294 488 quia
315 406 422 467 tntum
445 400 538 467 eret?
583 421 643 486 ego
670 423 747 466 vero
770 405 860 467 totos
883 401 919 465 in
940 401 1083 466 medium
1105 423 1179 487 pro·

216 491 287 556 fero
311 490 471 556 adfectus:
493 513 553 556 neo
575 489 657 554 mihi
679 491 714 555 in
736 489 935 576 cogitatione
952 495 1024 554 tum
1042 491 1094 555 lex
1107 490 1181 574 fuit,

215 601 275 645 nec
307 580 380 644 iura
411 580 553 664 respexi,
585 579 642 644 sed
675 601 759 663 quae
790 579 940 663 proxima
970 579 1180 644 vindicandae

182 668 357 734 cinielicis
380 668 466 734 filiae
489 668 543 733 via
561 669 711 752 occurrit,
733 668 819 732 hanc
837 667 972 751 intendi,
993 666 1078 734 hanc
1092 689 1180 734 secu·

217 761 272 822 tus
295 778 380 822 sum:
411 757 494 822 bene
517 757 630 840 cessit,
657 757 744 842 quod
766 762 802 822 et
823 756 925 821 licuit.
970 777 1040 841 age,
1063 757 1181 822 sinon

175 895 183 912 .
216 843 418 930 habuissem,
449 867 545 929 qnam
574 845 741 912 educerem
768 845 809 911 ad
831 845 1058 931 magdstratus,
1089 845 1180 911 cuius

216 933 288 999 vioe
310 956 363 999 me
385 934 573 1000 ulciscerer:
595 955 663 999 nou
684 935 720 999 in
737 933 878 1018 publico,
899 955 968 999 non
985 933 1110 1000 infore
1128 933 1180 998 his

19 1041 42 1060 ··
132 1044 159 1106 χ
190 1033 270 1093 ‘me
302 1022 460 1087 senilibus
492 1022 644 1087 menibus
672 1020 909 1088 vindicassem?
956 1026 1008 1106 tu,
1038 1022 1181 1108 fortuna,

164 1127 197 1176 1o
215 1109 316 1176 facies
344 1111 429 1194 quod
457 1112 646 1177 occurrerit:
678 1112 744 1176 iam
767 1131 835 1177 non
857 1115 952 1195 potes
975 1110 1115 1195 efficere,
1142 1117 1181 1176 nt

215 1199 391 1282 paeniteat
435 1200 538 1264 filiam
564 1199 704 1284 perdidi:
731 1200 799 1265 scio
821 1198 885 1266 hoc
907 1200 1078 1264 minimum
1109 1221 1180 1264 esse

215 1289 374 1354 malorum
389 1311 544 1355 meorum.
571 1292 655 1370 sunt,
674 1289 731 1372 qui
749 1288 979 1374 gravissimum
996 1288 1181 1353 existiment

214 1377 328 1442 unicos
355 1378 504 1462 perdere,
536 1381 570 1442 et
597 1377 747 1462 quotiens
774 1398 840 1443 non
862 1376 1006 1442 habeant
1028 1377 1069 1443 ad
1092 1377 1179 1461 quod

216 1465 370 1531 solatium
392 1466 570 1551 respicient
592 1467 806 1550 calamitates,
832 1466 962 1531 videtur
986 1467 1056 1531 sine
1078 1465 1180 1531 medi·

162 1553 288 1619 1o‘cina
307 1554 413 1620 dolor:
431 1555 494 1620 hoc
512 1556 643 1640 gravim
662 1559 722 1638 est,
740 1555 872 1639 iudices,
889 1553 1025 1639 perdere
1039 1555 1180 1619 alteram

216 1662 233 1706 e
252 1643 401 1726 geminis.
436 1643 555 1708 cotidie
573 1643 655 1708 mihi
674 1643 815 1709 occurrit
832 1644 942 1726 imago
960 1643 1084 1708 lunens
1102 1644 1180 1727 mei3

215 1751 279 1814 quo
303 1732 409 1816 magis
432 1732 541 1815 placet
562 1732 650 1797 filiae
670 1730 873 1813 verecundia,
896 1752 960 1815 quo
978 1733 1086 1817 magis
1103 1753 1180 1815 pro-

214 1817 311 1903 bitas,
329 1818 392 1885 hoc
405 1820 545 1886 validius
560 1822 702 1886 subeunt
715 1819 945 1904 cogitationes:
963 1821 1065 1885 telem
1080 1821 1180 1885 miser

214 1906 348 1991 perdidi.
391 1909 420 1974 si
441 1913 554 1974 temen
575 1910 638 1974 hoc
660 1909 777 1974 vulnus
800 1909 965 1974 intulisset
986 1909 1128 1991 fortuna,
1151 1899 1201 1974 si'

162 2012 197 2061 no
216 2016 321 2083 casus,
343 2001 507 2063 communi
529 1998 742 2063 mortalitatis
765 1997 954 2063 condicione
972 1998 1097 2063 solarer
1113 2019 1180 2062 me:

214 2104 301 2150 nunc
331 2085 432 2153 miser
458 2087 560 2152 filiam
588 2085 750 2171 quomodo
782 2086 930 2170 perdidi?
963 2091 1039 2152 ante
1069 2086 1181 2152 omnia

214 2193 274 2238 nec
296 2174 467 2260 virginem,
490 2196 550 2240 nec
572 2178 718 2258 nuptam.
755 2175 867 2260 quales
890 2195 951 2261 ego
974 2174 1088 2240 infelix
1110 2175 1179 2239 vul·

214 2265 279 2347 tus,
301 2284 413 2330 caesos
431 2263 555 2347 alioqui
573 2263 797 2347 laceratosque
816 2285 855 2328 ac
873 2265 991 2349 laqueo
1004 2267 1179 2346 tumentes,

214 2355 309 2434 pater
330 2352 417 2417 vidil
436 2352 491 2436 qui
514 2371 566 2415 mc
585 2354 701 2436 metus,
723 2353 779 2437 qui
796 2353 887 2424 intus
902 2357 1013 2419 aestus
1026 2351 1179 2436 agitant?

162 2454 198 2504 no
217 2460 299 2523 quae
323 2440 387 2506 init
408 2439 602 2506 verecundia
624 2440 696 2525 illa,
719 2461 802 2525 qnae
824 2441 985 2507 ultionem
1008 2444 1177 2524 expectare

285 2655 299 2702 1
318 2649 356 2704 ad
378 2649 408 2703 hi
427 2653 450 2702 Δ
467 2650 477 2718 fl
494 2649 633 2720 imperavi
651 2651 727 2718 ΔΜ
745 2651 839 2704 toturn
857 2651 1010 2722 &altatus
1026 2652 1079 2718 Aa,
1097 2649 1176 2705 tutos

211 2723 251 2772 Ab
269 2721 279 2788 fl
297 2726 313 2774 3
337 2719 404 2774 dum
422 2725 475 2790 Aa,
494 2737 558 2774 oum
576 2723 620 2790 ΡΙ
637 2727 655 2774 4
672 2721 797 2791 respexit
814 2724 877 2792 *bl
892 2728 907 2776 '1
927 2737 1011 2792 quam
1030 2719 1178 2775 edocerem

211 2795 247 2857 Δ,
266 2806 322 2859 qua
340 2805 386 2844 me
404 2790 535 2845 ducerem
554 2795 575 2843 B
594 2792 604 2860 l
624 2797 658 2846 10
675 2794 771 2860 potest
787 2797 865 2845 B-l’
882 2794 892 2863 ΙΙ
911 2799 944 2846 12
963 2793 1029 2845 sunt
1046 2790 1095 2859 qui
1113 2808 1178 2861 gra·

210 2860 361 2943 viusesse
383 2875 471 2915 unum
493 2861 529 2916 de
551 2861 618 2916 liliis
641 2863 759 2947 perdere
781 2880 868 2932 quam
890 2861 1018 2946 unicum,
1045 2863 1111 2916 sunt
1128 2863 1179 2946 qui

212 2946 414 3086 isidem
430 2933 633 3072 gadailida*
638 2933 1178 3075 L'l'dil‘iwre‘dpimedl‘l‘mi'ddld

210 3089 330 3127 menum.
349 3103 384 3114 -
409 3075 450 3127 In
471 3076 583 3130 eandm
606 3079 768 3132 mium
790 3077 915 3145 disputat
934 3075 1178 3145 Pmedc-Qrdnti·

210 3143 305 3198 llam
327 3145 393 3200 dccl.
417 3144 509 3199 VIII.
522 3146 544 3218 ἕ
556 3151 595 3203 22
613 3148 623 3216 l
640 3146 825 3202 *existimant
841 3150 914 3200 ABG
933 3149 943 3218 ΙΙ
959 3152 991 3201 13
1010 3163 1055 3214 qu
1074 3162 1131 3201 non
1148 3145 1177 3203 le

212 3214 327 3282 aliquod
345 3215 476 3271 solatium
494 3233 567 3288 resp.
581 3224 617 3284 A,
637 3236 682 3287 qu.
701 3217 817 3287 aliquod
835 3217 887 3272 sol.
905 3217 981 3286 quod
999 3221 1102 3286 resp}
1119 3219 1129 3286 fl
1144 3221 1179 3271 14

213 3285 384 3340 calamitatis
402 3290 489 3356 nc,
508 3305 578 3344 corr,
596 3288 642 3344 Ro
663 3293 675 3371 l
698 3296 730 3343 15
754 3295 786 3350 §s
803 3289 945 3359 gravius
964 3289 1001 3344 δ’ὁ
1019 3305 1119 3342 unum
1137 3287 1177 3342 de

210 3354 473 3483 {iliistpepdere
496 3373 594 3428 quem
618 3377 755 3430 unicum
773 3364 797 3410 Δ
810 3361 819 3429 ΙΙ
835 3366 867 3413 16
887 3374 921 3413 cx
940 3361 1028 3429 ⁰l²²
1048 3375 1114 3428 ergo
1131 3360 1177 3425 B!

267 3428 313 3498 agi
346 3429 375 3481 vi
406 3435 424 3481 c
