<?xml version="1.0" encoding="UTF-8"?>
<!DOCTYPE html PUBLIC "-//W3C//DTD XHTML 1.0 Transitional//EN"
    "http://www.w3.org/TR/xhtml1/DTD/xhtml1-transitional.dtd">
<html xmlns="http://www.w3.org/1999/xhtml" xml:lang="en" lang="en">
 <head>
  <title>
</title>
<meta http-equiv="Content-Type" content="text/html;charset=utf-8" />
  <meta name='ocr-system' content='tesseract 3.04.00' />
  <meta name='ocr-capabilities' content='ocr_page ocr_carea ocr_par ocr_line ocrx_word'/>
</head>
<body>
  <div class='ocr_page' id='page_1' title='image "./mfabiiquintilia02rittgoog_0353.png"; bbox 0 0 2692 3960; ppageno 0'>
   <div class='ocr_carea' id='block_1_1' title="bbox 209 97 814 202">
    <p class='ocr_par' dir='ltr' id='par_1_1' title="bbox 209 97 814 202">
     <span class='ocr_line' id='line_1_1' title="bbox 209 97 814 202; baseline -0.005 -10"><span class='ocrx_word' id='word_1_1' title='bbox 209 97 282 202; x_wconf 45' lang='lat'>‘312</span> <span class='ocrx_word' id='word_1_2' title='bbox 583 133 814 202; x_wconf 77' lang='lat' dir='ltr'>cumcuma</span> 
     </span>
    </p>
   </div>
   <div class='ocr_carea' id='block_1_2' title="bbox 164 295 1181 3041">
    <p class='ocr_par' dir='ltr' id='par_1_2' title="bbox 215 295 1180 562">
     <span class='ocr_line' id='line_1_2' title="bbox 215 295 1180 386; baseline -0.002 -20"><span class='ocrx_word' id='word_1_3' title='bbox 215 299 351 366; x_wconf 87' lang='lat' dir='ltr'>vocibus</span> <span class='ocrx_word' id='word_1_4' title='bbox 375 301 432 383; x_wconf 91' lang='lat' dir='ltr'>opt</span> <span class='ocrx_word' id='word_1_5' title='bbox 417 298 497 364; x_wconf 88' lang='lat' dir='ltr'>time</span> <span class='ocrx_word' id='word_1_6' title='bbox 521 296 662 386; x_wconf 87' lang='lat' dir='ltr'>(utiam</span> <span class='ocrx_word' id='word_1_7' title='bbox 687 317 783 381; x_wconf 84' lang='lat' dir='ltr'>saepe</span> <span class='ocrx_word' id='word_1_8' title='bbox 806 295 888 378; x_wconf 85' lang='lat' dir='ltr'>dixi)</span> <span class='ocrx_word' id='word_1_9' title='bbox 916 296 956 362; x_wconf 91' lang='lat' dir='ltr'>de</span> <span class='ocrx_word' id='word_1_10' title='bbox 984 298 1180 364; x_wconf 89' lang='lat' dir='ltr'>memerito</span> 
     </span>
     <span class='ocr_line' id='line_1_3' title="bbox 217 385 1179 472; baseline -0.001 -19"><span class='ocrx_word' id='word_1_11' title='bbox 217 387 431 472; x_wconf 86' lang='lat' dir='ltr'>satisfaciam,</span> <span class='ocrx_word' id='word_1_12' title='bbox 453 388 595 472; x_wconf 87' lang='lat' dir='ltr'>reperire</span> <span class='ocrx_word' id='word_1_13' title='bbox 618 408 685 452; x_wconf 91' lang='lat' dir='ltr'>non</span> <span class='ocrx_word' id='word_1_14' title='bbox 706 407 850 471; x_wconf 89' lang='lat' dir='ltr'>possum.</span> <span class='ocrx_word' id='word_1_15' title='bbox 881 385 970 452; x_wconf 90' lang='lat' dir='ltr'>Vera</span> <span class='ocrx_word' id='word_1_16' title='bbox 993 389 1070 451; x_wconf 85' lang='lat' dir='ltr'>sunt</span> <span class='ocrx_word' id='word_1_17' title='bbox 1093 387 1179 452; x_wconf 91' lang='lat' dir='ltr'>enim</span> 
     </span>
     <span class='ocr_line' id='line_1_4' title="bbox 216 475 508 562; baseline -0.004 -20"><span class='ocrx_word' id='word_1_18' title='bbox 216 477 287 562; x_wconf 89' lang='lat' dir='ltr'>illa,</span> <span class='ocrx_word' id='word_1_19' title='bbox 310 497 392 562; x_wconf 90' lang='lat' dir='ltr'>quae</span> <span class='ocrx_word' id='word_1_20' title='bbox 415 475 508 542; x_wconf 86' lang='lat' dir='ltr'>dixit.</span> 
     </span>
    </p>

    <p class='ocr_par' dir='ltr' id='par_1_3' title="bbox 216 561 1181 1094">
     <span class='ocr_line' id='line_1_5' title="bbox 284 561 1181 650; baseline -0.003 -19"><span class='ocrx_word' id='word_1_21' title='bbox 284 563 478 649; x_wconf 84' lang='lat' dir='ltr'>[Narratio]</span> <span class='ocrx_word' id='word_1_22' title='bbox 528 564 657 650; x_wconf 80' lang='lat' dir='ltr'>Pauper</span> <span class='ocrx_word' id='word_1_23' title='bbox 680 584 740 650; x_wconf 91' lang='lat' dir='ltr'>ego</span> <span class='ocrx_word' id='word_1_24' title='bbox 763 567 861 628; x_wconf 88' lang='lat' dir='ltr'>natus</span> <span class='ocrx_word' id='word_1_25' title='bbox 885 566 919 628; x_wconf 89' lang='lat' dir='ltr'>et</span> <span class='ocrx_word' id='word_1_26' title='bbox 940 565 1054 629; x_wconf 86' lang='lat' dir='ltr'>contra</span> <span class='ocrx_word' id='word_1_27' title='bbox 1076 561 1181 628; x_wconf 83' lang='lat' dir='ltr'>facul·</span> 
     </span>
     <span class='ocr_line' id='line_1_6' title="bbox 181 651 1179 755; baseline -0.002 -34.927"><span class='ocrx_word' id='word_1_28' title='bbox 181 655 335 721; x_wconf 80' lang='lat' dir='ltr'>statium</span> <span class='ocrx_word' id='word_1_29' title='bbox 354 655 515 721; x_wconf 89' lang='lat' dir='ltr'>rationem</span> <span class='ocrx_word' id='word_1_30' title='bbox 533 675 679 720; x_wconf 90' lang='lat' dir='ltr'>mearum</span> <span class='ocrx_word' id='word_1_31' title='bbox 697 651 836 719; x_wconf 87' lang='lat' dir='ltr'>infelicis</span> <span class='ocrx_word' id='word_1_32' title='bbox 854 652 953 718; x_wconf 90' lang='lat' dir='ltr'>huius</span> <span class='ocrx_word' id='word_1_33' title='bbox 972 652 1179 755; x_wconf 67' lang='lat' dir='ltr'>eloquentiae</span> 
     </span>
     <span class='ocr_line' id='line_1_7' title="bbox 217 741 1181 828; baseline -0.001 -19"><span class='ocrx_word' id='word_1_34' title='bbox 217 741 390 828; x_wconf 72' lang='lat' dir='ltr'>studioses,</span> <span class='ocrx_word' id='word_1_35' title='bbox 407 742 504 808; x_wconf 90' lang='lat' dir='ltr'>huius</span> <span class='ocrx_word' id='word_1_36' title='bbox 523 743 731 827; x_wconf 79' lang='lat' dir='ltr'>liberalitate,</span> <span class='ocrx_word' id='word_1_37' title='bbox 753 741 850 806; x_wconf 92' lang='lat' dir='ltr'>huius</span> <span class='ocrx_word' id='word_1_38' title='bbox 870 741 987 825; x_wconf 90' lang='lat' dir='ltr'>opibus</span> <span class='ocrx_word' id='word_1_39' title='bbox 1006 741 1181 826; x_wconf 86' lang='lat' dir='ltr'>peregrina</span> 
     </span>
     <span class='ocr_line' id='line_1_8' title="bbox 217 830 1175 916; baseline -0.003 -18"><span class='ocrx_word' id='word_1_40' title='bbox 217 832 339 916; x_wconf 89' lang='lat' dir='ltr'>studia,</span> <span class='ocrx_word' id='word_1_41' title='bbox 367 831 550 897; x_wconf 88' lang='lat' dir='ltr'>clarissima</span> <span class='ocrx_word' id='word_1_42' title='bbox 573 832 736 916; x_wconf 84' lang='lat' dir='ltr'>exempla,</span> <span class='ocrx_word' id='word_1_43' title='bbox 764 830 882 914; x_wconf 88' lang='lat' dir='ltr'>otium,</span> <span class='ocrx_word' id='word_1_44' title='bbox 913 851 975 914; x_wconf 90' lang='lat' dir='ltr'>quo</span> <span class='ocrx_word' id='word_1_45' title='bbox 999 830 1175 913; x_wconf 90' lang='lat' dir='ltr'>plurimum</span> 
     </span>
     <span class='ocr_line' id='line_1_9' title="bbox 217 919 1179 1004; baseline -0.002 -18"><span class='ocrx_word' id='word_1_46' title='bbox 217 921 333 986; x_wconf 89' lang='lat' dir='ltr'>studiis</span> <span class='ocrx_word' id='word_1_47' title='bbox 358 919 536 1004; x_wconf 81' lang='lat' dir='ltr'>confertur,</span> <span class='ocrx_word' id='word_1_48' title='bbox 560 941 633 985; x_wconf 91' lang='lat' dir='ltr'>sum</span> <span class='ocrx_word' id='word_1_49' title='bbox 655 922 862 984; x_wconf 88' lang='lat' dir='ltr'>consecutus:</span> <span class='ocrx_word' id='word_1_50' title='bbox 885 919 1014 984; x_wconf 87' lang='lat' dir='ltr'>utinam</span> <span class='ocrx_word' id='word_1_51' title='bbox 1037 940 1103 984; x_wconf 88' lang='lat' dir='ltr'>non</span> <span class='ocrx_word' id='word_1_52' title='bbox 1125 941 1179 984; x_wconf 90' lang='lat' dir='ltr'>us·</span> 
     </span>
     <span class='ocr_line' id='line_1_10' title="bbox 217 1007 1179 1094; baseline -0.001 -21"><span class='ocrx_word' id='word_1_53' title='bbox 217 1030 279 1093; x_wconf 89' lang='lat' dir='ltr'>que</span> <span class='ocrx_word' id='word_1_54' title='bbox 302 1009 343 1072; x_wconf 89' lang='lat' dir='ltr'>ad</span> <span class='ocrx_word' id='word_1_55' title='bbox 366 1007 531 1073; x_wconf 82' lang='lat' dir='ltr'>invidiam.</span> <span class='ocrx_word' id='word_1_56' title='bbox 567 1029 644 1072; x_wconf 87' lang='lat' dir='ltr'>nam</span> <span class='ocrx_word' id='word_1_57' title='bbox 667 1008 749 1072; x_wconf 92' lang='lat' dir='ltr'>mihi</span> <span class='ocrx_word' id='word_1_58' title='bbox 768 1007 939 1091; x_wconf 81' lang='lat' dir='ltr'>cogitanti,</span> <span class='ocrx_word' id='word_1_59' title='bbox 962 1029 1019 1073; x_wconf 87' lang='lat' dir='ltr'>cnr</span> <span class='ocrx_word' id='word_1_60' title='bbox 1036 1007 1179 1094; x_wconf 86' lang='lat' dir='ltr'>integer·</span> 
     </span>
    </p>

    <p class='ocr_par' dir='ltr' id='par_1_4' title="bbox 165 1095 1180 1536">
     <span class='ocr_line' id='line_1_11' title="bbox 165 1095 1180 1182; baseline -0.001 -19"><span class='ocrx_word' id='word_1_61' title='bbox 165 1116 198 1166; x_wconf 91' lang='lat'>10</span> <span class='ocrx_word' id='word_1_62' title='bbox 216 1096 337 1162; x_wconf 83' lang='lat' dir='ltr'>nimum</span> <span class='ocrx_word' id='word_1_63' title='bbox 360 1095 475 1180; x_wconf 82' lang='grc' dir='ltr'><strong>ιὶιιιιιι,</strong></span> <span class='ocrx_word' id='word_1_64' title='bbox 498 1095 656 1182; x_wconf 84' lang='lat' dir='ltr'>optimum</span> <span class='ocrx_word' id='word_1_65' title='bbox 676 1096 779 1162; x_wconf 84' lang='lat' dir='ltr'>civem</span> <span class='ocrx_word' id='word_1_66' title='bbox 798 1096 1015 1162; x_wconf 83' lang='lat' dir='ltr'>calumniator</span> <span class='ocrx_word' id='word_1_67' title='bbox 1032 1095 1090 1161; x_wconf 92' lang='lat' dir='ltr'>ille</span> <span class='ocrx_word' id='word_1_68' title='bbox 1106 1118 1180 1180; x_wconf 90' lang='lat' dir='ltr'>pro·</span> 
     </span>
     <span class='ocr_line' id='line_1_12' title="bbox 218 1184 1180 1269; baseline -0.001 -19"><span class='ocrx_word' id='word_1_69' title='bbox 218 1185 351 1250; x_wconf 88' lang='lat' dir='ltr'>ditionis</span> <span class='ocrx_word' id='word_1_70' title='bbox 379 1207 471 1250; x_wconf 89' lang='lat' dir='ltr'>raum</span> <span class='ocrx_word' id='word_1_71' title='bbox 498 1185 626 1267; x_wconf 80' lang='lat' dir='ltr'>fecerit,</span> <span class='ocrx_word' id='word_1_72' title='bbox 657 1184 740 1250; x_wconf 90' lang='lat' dir='ltr'>nihil</span> <span class='ocrx_word' id='word_1_73' title='bbox 769 1185 930 1251; x_wconf 85' lang='lat' dir='ltr'>succurrit</span> <span class='ocrx_word' id='word_1_74' title='bbox 957 1184 1060 1269; x_wconf 87' lang='lat' dir='ltr'>aliud,</span> <span class='ocrx_word' id='word_1_75' title='bbox 1092 1185 1180 1268; x_wconf 92' lang='lat' dir='ltr'>quod</span> 
     </span>
     <span class='ocr_line' id='line_1_13' title="bbox 217 1273 1178 1360; baseline -0.003 -20"><span class='ocrx_word' id='word_1_76' title='bbox 217 1276 346 1341; x_wconf 86' lang='lat' dir='ltr'>secutus</span> <span class='ocrx_word' id='word_1_77' title='bbox 374 1275 431 1358; x_wconf 89' lang='lat' dir='ltr'>sit,</span> <span class='ocrx_word' id='word_1_78' title='bbox 463 1296 561 1359; x_wconf 91' lang='lat' dir='ltr'>quam</span> <span class='ocrx_word' id='word_1_79' title='bbox 588 1278 626 1340; x_wconf 88' lang='lat' dir='ltr'>ut</span> <span class='ocrx_word' id='word_1_80' title='bbox 648 1293 710 1358; x_wconf 91' lang='lat' dir='ltr'>ego</span> <span class='ocrx_word' id='word_1_81' title='bbox 734 1294 875 1360; x_wconf 88' lang='lat' dir='ltr'>agerem.</span> <span class='ocrx_word' id='word_1_82' title='bbox 924 1273 1069 1339; x_wconf 89' lang='lat' dir='ltr'>habebat</span> <span class='ocrx_word' id='word_1_83' title='bbox 1091 1273 1178 1338; x_wconf 91' lang='lat' dir='ltr'>enim</span> 
     </span>
     <span class='ocr_line' id='line_1_14' title="bbox 216 1363 1179 1448; baseline -0.002 -19"><span class='ocrx_word' id='word_1_84' title='bbox 216 1363 267 1429; x_wconf 91' lang='lat' dir='ltr'>ius</span> <span class='ocrx_word' id='word_1_85' title='bbox 291 1363 425 1448; x_wconf 88' lang='lat' dir='ltr'>optandi</span> <span class='ocrx_word' id='word_1_86' title='bbox 442 1367 626 1448; x_wconf 87' lang='lat' dir='ltr'>patronum,</span> <span class='ocrx_word' id='word_1_87' title='bbox 644 1364 706 1444; x_wconf 88' lang='lat' dir='ltr'>[et]</span> <span class='ocrx_word' id='word_1_88' title='bbox 725 1363 809 1428; x_wconf 85' lang='lat' dir='ltr'>hanc</span> <span class='ocrx_word' id='word_1_89' title='bbox 831 1364 920 1448; x_wconf 88' lang='lat' dir='ltr'>leges</span> <span class='ocrx_word' id='word_1_90' title='bbox 944 1363 1100 1427; x_wconf 87' lang='lat' dir='ltr'>dederant</span> <span class='ocrx_word' id='word_1_91' title='bbox 1121 1383 1179 1446; x_wconf 90' lang='lat' dir='ltr'>po-</span> 
     </span>
     <span class='ocr_line' id='line_1_15' title="bbox 217 1449 1180 1536; baseline -0.004 -17"><span class='ocrx_word' id='word_1_92' title='bbox 217 1455 385 1519; x_wconf 88' lang='lat' dir='ltr'>testatem:</span> <span class='ocrx_word' id='word_1_93' title='bbox 408 1455 442 1517; x_wconf 91' lang='lat' dir='ltr'>et</span> <span class='ocrx_word' id='word_1_94' title='bbox 462 1452 603 1518; x_wconf 83' lang='lat' dir='ltr'>forsitan</span> <span class='ocrx_word' id='word_1_95' title='bbox 626 1451 804 1536; x_wconf 87' lang='lat' dir='ltr'>quaerebat</span> <span class='ocrx_word' id='word_1_96' title='bbox 826 1453 925 1518; x_wconf 87' lang='lat' dir='ltr'>etiam</span> <span class='ocrx_word' id='word_1_97' title='bbox 948 1449 1062 1516; x_wconf 86' lang='lat' dir='ltr'>contra</span> <span class='ocrx_word' id='word_1_98' title='bbox 1085 1451 1180 1516; x_wconf 90' lang='lat' dir='ltr'>abso-</span> 
     </span>
    </p>

    <p class='ocr_par' dir='ltr' id='par_1_5' title="bbox 166 1539 1181 2424">
     <span class='ocr_line' id='line_1_16' title="bbox 166 1539 1181 1624; baseline -0.002 -18"><span class='ocrx_word' id='word_1_99' title='bbox 166 1542 375 1610; x_wconf 75' lang='lat' dir='ltr'>relationem</span> <span class='ocrx_word' id='word_1_100' title='bbox 398 1540 577 1607; x_wconf 89' lang='lat' dir='ltr'>innocentis</span> <span class='ocrx_word' id='word_1_101' title='bbox 600 1543 648 1606; x_wconf 90' lang='lat' dir='ltr'>rei</span> <span class='ocrx_word' id='word_1_102' title='bbox 670 1541 756 1606; x_wconf 90' lang='lat' dir='ltr'>hunc</span> <span class='ocrx_word' id='word_1_103' title='bbox 780 1541 935 1624; x_wconf 90' lang='lat' dir='ltr'>colorem,</span> <span class='ocrx_word' id='word_1_104' title='bbox 957 1543 995 1604; x_wconf 90' lang='lat' dir='ltr'>ut</span> <span class='ocrx_word' id='word_1_105' title='bbox 1016 1539 1181 1606; x_wconf 79' lang='lat' dir='ltr'>videretur</span> 
     </span>
     <span class='ocr_line' id='line_1_17' title="bbox 218 1628 1180 1715; baseline -0.002 -20"><span class='ocrx_word' id='word_1_106' title='bbox 218 1630 291 1695; x_wconf 89' lang='lat' dir='ltr'>ideo</span> <span class='ocrx_word' id='word_1_107' title='bbox 316 1629 478 1712; x_wconf 87' lang='lat' dir='ltr'>dimissus,</span> <span class='ocrx_word' id='word_1_108' title='bbox 501 1629 577 1714; x_wconf 88' lang='lat' dir='ltr'>quia</span> <span class='ocrx_word' id='word_1_109' title='bbox 601 1650 662 1715; x_wconf 88' lang='lat' dir='ltr'>ego</span> <span class='ocrx_word' id='word_1_110' title='bbox 686 1629 833 1714; x_wconf 79' lang='lat' dir='ltr'>egissem.</span> <span class='ocrx_word' id='word_1_111' title='bbox 870 1628 932 1694; x_wconf 93' lang='lat' dir='ltr'>hoc</span> <span class='ocrx_word' id='word_1_112' title='bbox 956 1628 986 1692; x_wconf 90' lang='lat' dir='ltr'>ei</span> <span class='ocrx_word' id='word_1_113' title='bbox 1010 1631 1095 1693; x_wconf 85' lang='lat' dir='ltr'>certe</span> <span class='ocrx_word' id='word_1_114' title='bbox 1113 1649 1180 1694; x_wconf 91' lang='lat' dir='ltr'>non</span> 
     </span>
     <span class='ocr_line' id='line_1_18' title="bbox 218 1716 1180 1870; baseline -0.002 -86"><span class='ocrx_word' id='word_1_115' title='bbox 218 1717 366 1870; x_wconf 85' lang='lat' dir='ltr'>contigit.</span> <span class='ocrx_word' id='word_1_116' title='bbox 401 1739 493 1782; x_wconf 89' lang='lat' dir='ltr'>reum</span> <span class='ocrx_word' id='word_1_117' title='bbox 517 1718 645 1803; x_wconf 88' lang='lat' dir='ltr'>offendi,</span> <span class='ocrx_word' id='word_1_118' title='bbox 667 1739 735 1784; x_wconf 94' lang='lat' dir='ltr'>non</span> <span class='ocrx_word' id='word_1_119' title='bbox 758 1738 809 1781; x_wconf 90' lang='lat' dir='ltr'>me</span> <span class='ocrx_word' id='word_1_120' title='bbox 830 1716 961 1782; x_wconf 89' lang='lat' dir='ltr'>hercule</span> <span class='ocrx_word' id='word_1_121' title='bbox 981 1738 1180 1800; x_wconf 80' lang='lat' dir='ltr'>supervacua</span> 
     </span>
     <span class='ocr_line' id='line_1_19' title="bbox 219 1803 1179 1892; baseline -0.001 -21"><span class='ocrx_word' id='word_1_122' title='bbox 219 1806 395 1890; x_wconf 87' lang='lat' dir='ltr'>asperiteat</span> <span class='ocrx_word' id='word_1_123' title='bbox 361 1807 590 1871; x_wconf 84' lang='lat' dir='ltr'>teverborum</span> <span class='ocrx_word' id='word_1_124' title='bbox 613 1803 668 1892; x_wconf 88' lang='lat' dir='ltr'>(ab</span> <span class='ocrx_word' id='word_1_125' title='bbox 692 1805 755 1871; x_wconf 90' lang='lat' dir='ltr'>hac</span> <span class='ocrx_word' id='word_1_126' title='bbox 778 1826 838 1890; x_wconf 93' lang='lat' dir='ltr'>ego</span> <span class='ocrx_word' id='word_1_127' title='bbox 863 1806 950 1870; x_wconf 91' lang='lat' dir='ltr'>enim</span> <span class='ocrx_word' id='word_1_128' title='bbox 972 1826 1038 1890; x_wconf 90' lang='lat' dir='ltr'>me,</span> <span class='ocrx_word' id='word_1_129' title='bbox 1067 1809 1179 1890; x_wconf 90' lang='lat' dir='ltr'>quate·</span> 
     </span>
     <span class='ocr_line' id='line_1_20' title="bbox 218 1893 1180 1980; baseline -0.002 -20"><span class='ocrx_word' id='word_1_130' title='bbox 218 1917 279 1960; x_wconf 88' lang='lat' dir='ltr'>nus</span> <span class='ocrx_word' id='word_1_131' title='bbox 312 1894 391 1960; x_wconf 89' lang='lat' dir='ltr'>fides</span> <span class='ocrx_word' id='word_1_132' title='bbox 424 1895 542 1980; x_wconf 90' lang='lat' dir='ltr'>agendi</span> <span class='ocrx_word' id='word_1_133' title='bbox 573 1895 782 1980; x_wconf 88' lang='lat' dir='ltr'>permiserat,</span> <span class='ocrx_word' id='word_1_134' title='bbox 814 1893 1012 1960; x_wconf 86' lang='lat' dir='ltr'>abstinuisse</span> <span class='ocrx_word' id='word_1_135' title='bbox 1036 1895 1180 1961; x_wconf 86' lang='lat' dir='ltr'>animum</span> 
     </span>
     <span class='ocr_line' id='line_1_21' title="bbox 166 1980 1180 2070; baseline 0 -22"><span class='ocrx_word' id='word_1_136' title='bbox 166 2001 199 2050; x_wconf 85' lang='lat' dir='ltr'>ao</span> <span class='ocrx_word' id='word_1_137' title='bbox 219 1980 405 2070; x_wconf 82' lang='lat' dir='ltr'>confiteor).</span> <span class='ocrx_word' id='word_1_138' title='bbox 441 1985 497 2050; x_wconf 87' lang='lat' dir='ltr'>sed</span> <span class='ocrx_word' id='word_1_139' title='bbox 525 1983 716 2069; x_wconf 84' lang='lat' dir='ltr'>perferenda</span> <span class='ocrx_word' id='word_1_140' title='bbox 742 1981 874 2048; x_wconf 88' lang='lat' dir='ltr'>fuerunt</span> <span class='ocrx_word' id='word_1_141' title='bbox 901 1984 1057 2048; x_wconf 84' lang='lat' dir='ltr'>mandatu</span> <span class='ocrx_word' id='word_1_142' title='bbox 1086 1982 1180 2060; x_wconf 85' lang='lat' dir='ltr'>falsa,</span> 
     </span>
     <span class='ocr_line' id='line_1_22' title="bbox 218 2071 1180 2158; baseline -0.001 -21"><span class='ocrx_word' id='word_1_143' title='bbox 218 2093 331 2137; x_wconf 86' lang='lat' dir='ltr'>verum</span> <span class='ocrx_word' id='word_1_144' title='bbox 363 2072 549 2158; x_wconf 87' lang='lat' dir='ltr'>criminosa;</span> <span class='ocrx_word' id='word_1_145' title='bbox 583 2071 733 2154; x_wconf 87' lang='lat' dir='ltr'>conficta,</span> <span class='ocrx_word' id='word_1_146' title='bbox 764 2092 876 2138; x_wconf 85' lang='lat' dir='ltr'>verum</span> <span class='ocrx_word' id='word_1_147' title='bbox 904 2072 1046 2139; x_wconf 81' lang='lat' dir='ltr'>invidiae</span> <span class='ocrx_word' id='word_1_148' title='bbox 1069 2075 1180 2138; x_wconf 85' lang='lat' dir='ltr'>tamen</span> 
     </span>
     <span class='ocr_line' id='line_1_23' title="bbox 217 2160 1179 2246; baseline 0.001 -21"><span class='ocrx_word' id='word_1_149' title='bbox 217 2160 325 2246; x_wconf 89' lang='lat' dir='ltr'>plena.</span> <span class='ocrx_word' id='word_1_150' title='bbox 372 2161 459 2245; x_wconf 91' lang='lat' dir='ltr'>quod</span> <span class='ocrx_word' id='word_1_151' title='bbox 487 2162 516 2226; x_wconf 93' lang='lat' dir='ltr'>si</span> <span class='ocrx_word' id='word_1_152' title='bbox 543 2160 619 2244; x_wconf 91' lang='lat' dir='ltr'>quid</span> <span class='ocrx_word' id='word_1_153' title='bbox 642 2180 713 2224; x_wconf 88' lang='lat' dir='ltr'>esso</span> <span class='ocrx_word' id='word_1_154' title='bbox 736 2160 769 2224; x_wconf 94' lang='lat' dir='ltr'>in</span> <span class='ocrx_word' id='word_1_155' title='bbox 793 2161 921 2226; x_wconf 89' lang='lat' dir='ltr'>ratione</span> <span class='ocrx_word' id='word_1_156' title='bbox 944 2161 1071 2226; x_wconf 91' lang='lat' dir='ltr'>dicendi</span> <span class='ocrx_word' id='word_1_157' title='bbox 1092 2160 1179 2226; x_wconf 87' lang='lat' dir='ltr'>vide-</span> 
     </span>
     <span class='ocr_line' id='line_1_24' title="bbox 217 2247 1181 2335; baseline 0 -21"><span class='ocrx_word' id='word_1_158' title='bbox 217 2254 280 2334; x_wconf 91' lang='lat' dir='ltr'>tur,</span> <span class='ocrx_word' id='word_1_159' title='bbox 304 2249 331 2314; x_wconf 92' lang='lat' dir='ltr'>si</span> <span class='ocrx_word' id='word_1_160' title='bbox 355 2250 427 2334; x_wconf 91' lang='lat' dir='ltr'>quis</span> <span class='ocrx_word' id='word_1_161' title='bbox 449 2270 502 2315; x_wconf 89' lang='lat' dir='ltr'>me</span> <span class='ocrx_word' id='word_1_162' title='bbox 524 2247 678 2313; x_wconf 79' lang='lat' dir='ltr'>infestam</span> <span class='ocrx_word' id='word_1_163' title='bbox 701 2249 852 2315; x_wconf 87' lang='lat' dir='ltr'>attulisse</span> <span class='ocrx_word' id='word_1_164' title='bbox 869 2250 972 2316; x_wconf 87' lang='lat' dir='ltr'>credit</span> <span class='ocrx_word' id='word_1_165' title='bbox 990 2249 1181 2335; x_wconf 90' lang='lat' dir='ltr'>orationem,</span> 
     </span>
     <span class='ocr_line' id='line_1_25' title="bbox 219 2337 1180 2424; baseline 0.001 -21"><span class='ocrx_word' id='word_1_166' title='bbox 219 2338 344 2404; x_wconf 89' lang='lat' dir='ltr'>accedit</span> <span class='ocrx_word' id='word_1_167' title='bbox 370 2337 433 2404; x_wconf 93' lang='lat' dir='ltr'>hoc</span> <span class='ocrx_word' id='word_1_168' title='bbox 461 2357 587 2421; x_wconf 89' lang='lat' dir='ltr'>quoque</span> <span class='ocrx_word' id='word_1_169' title='bbox 610 2338 734 2422; x_wconf 88' lang='lat' dir='ltr'>gloriae</span> <span class='ocrx_word' id='word_1_170' title='bbox 757 2338 874 2422; x_wconf 90' lang='lat' dir='ltr'>optimi</span> <span class='ocrx_word' id='word_1_171' title='bbox 896 2340 990 2424; x_wconf 84' lang='lat' dir='ltr'>civis,</span> <span class='ocrx_word' id='word_1_172' title='bbox 1019 2338 1106 2423; x_wconf 86' lang='lat' dir='ltr'>quod</span> <span class='ocrx_word' id='word_1_173' title='bbox 1128 2359 1180 2404; x_wconf 87' lang='lat' dir='ltr'>me</span> 
     </span>
    </p>

    <p class='ocr_par' dir='ltr' id='par_1_6' title="bbox 165 2425 663 2492">
     <span class='ocr_line' id='line_1_26' title="bbox 165 2425 663 2492; baseline 0 0"><span class='ocrx_word' id='word_1_174' title='bbox 165 2443 198 2492; x_wconf 79' lang='lat'>25</span> <span class='ocrx_word' id='word_1_175' title='bbox 218 2429 390 2492; x_wconf 87' lang='lat' dir='ltr'>accusante</span> <span class='ocrx_word' id='word_1_176' title='bbox 413 2425 579 2490; x_wconf 90' lang='lat' dir='ltr'>absolutus</span> <span class='ocrx_word' id='word_1_177' title='bbox 604 2430 663 2492; x_wconf 90' lang='lat' dir='ltr'>est.</span> 
     </span>
    </p>

    <p class='ocr_par' dir='ltr' id='par_1_7' title="bbox 217 2513 1179 2863">
     <span class='ocr_line' id='line_1_27' title="bbox 284 2513 1179 2600; baseline -0.003 -20"><span class='ocrx_word' id='word_1_178' title='bbox 284 2514 412 2600; x_wconf 82' lang='lat' dir='ltr'>Ingrati</span> <span class='ocrx_word' id='word_1_179' title='bbox 437 2534 511 2578; x_wconf 88' lang='lat' dir='ltr'>reus</span> <span class='ocrx_word' id='word_1_180' title='bbox 540 2535 621 2580; x_wconf 86' lang='lat' dir='ltr'>sum.</span> <span class='ocrx_word' id='word_1_181' title='bbox 666 2515 716 2581; x_wconf 91' lang='lat' dir='ltr'>De</span> <span class='ocrx_word' id='word_1_182' title='bbox 742 2515 849 2600; x_wconf 88' lang='lat' dir='ltr'>prima</span> <span class='ocrx_word' id='word_1_183' title='bbox 872 2518 965 2600; x_wconf 89' lang='lat' dir='ltr'>parte</span> <span class='ocrx_word' id='word_1_184' title='bbox 989 2533 1118 2591; x_wconf 86' lang='lat' dir='ltr'>causae,</span> <span class='ocrx_word' id='word_1_185' title='bbox 1145 2513 1179 2578; x_wconf 91' lang='lat' dir='ltr'>iu</span> 
     </span>
     <span class='ocr_line' id='line_1_28' title="bbox 211 2600 1180 2704; baseline -0.004 -33.97"><span class='ocrx_word' id='word_1_186' title='bbox 211 2604 319 2687; x_wconf 92' lang='lat' dir='ltr'>dices,</span> <span class='ocrx_word' id='word_1_187' title='bbox 350 2622 417 2666; x_wconf 90' lang='lat' dir='ltr'>non</span> <span class='ocrx_word' id='word_1_188' title='bbox 449 2600 568 2667; x_wconf 89' lang='lat' dir='ltr'>faciam</span> <span class='ocrx_word' id='word_1_189' title='bbox 600 2605 867 2704; x_wconf 83' lang='lat' dir='ltr'>controversiam,</span> <span class='ocrx_word' id='word_1_190' title='bbox 896 2622 1000 2686; x_wconf 91' lang='lat' dir='ltr'>neque</span> <span class='ocrx_word' id='word_1_191' title='bbox 1032 2600 1082 2665; x_wconf 88' lang='lat' dir='ltr'>fas</span> <span class='ocrx_word' id='word_1_192' title='bbox 1115 2605 1180 2666; x_wconf 86' lang='lat' dir='ltr'>est:</span> 
     </span>
     <span class='ocr_line' id='line_1_29' title="bbox 218 2689 1180 2778; baseline -0.002 -20"><span class='ocrx_word' id='word_1_193' title='bbox 218 2692 328 2775; x_wconf 88' lang='lat' dir='ltr'>accepi</span> <span class='ocrx_word' id='word_1_194' title='bbox 351 2690 558 2775; x_wconf 86' lang='lat' dir='ltr'>beneficium,</span> <span class='ocrx_word' id='word_1_195' title='bbox 586 2696 743 2778; x_wconf 88' lang='lat' dir='ltr'>quantum</span> <span class='ocrx_word' id='word_1_196' title='bbox 765 2693 941 2755; x_wconf 88' lang='lat' dir='ltr'>maximum</span> <span class='ocrx_word' id='word_1_197' title='bbox 964 2689 1039 2754; x_wconf 89' lang='lat' dir='ltr'>dara</span> <span class='ocrx_word' id='word_1_198' title='bbox 1062 2711 1180 2773; x_wconf 86' lang='lat' dir='ltr'>peren·</span> 
     </span>
     <span class='ocr_line' id='line_1_30' title="bbox 217 2776 1180 2863; baseline -0.001 -18"><span class='ocrx_word' id='word_1_199' title='bbox 217 2783 268 2845; x_wconf 85' lang='lat' dir='ltr'>tes</span> <span class='ocrx_word' id='word_1_200' title='bbox 291 2776 405 2843; x_wconf 89' lang='lat' dir='ltr'>liberis</span> <span class='ocrx_word' id='word_1_201' title='bbox 428 2785 576 2863; x_wconf 89' lang='lat' dir='ltr'>possunt.</span> <span class='ocrx_word' id='word_1_202' title='bbox 616 2801 682 2846; x_wconf 91' lang='lat' dir='ltr'>non</span> <span class='ocrx_word' id='word_1_203' title='bbox 706 2780 791 2845; x_wconf 91' lang='lat' dir='ltr'>enim</span> <span class='ocrx_word' id='word_1_204' title='bbox 816 2780 844 2842; x_wconf 91' lang='lat' dir='ltr'>si</span> <span class='ocrx_word' id='word_1_205' title='bbox 871 2778 1003 2843; x_wconf 85' lang='lat' dir='ltr'>fortuna</span> <span class='ocrx_word' id='word_1_206' title='bbox 1026 2778 1180 2846; x_wconf 87' lang='lat' dir='ltr'>infelicis-</span> 
     </span>
    </p>

    <p class='ocr_par' dir='ltr' id='par_1_8' title="bbox 164 2866 1181 3041">
     <span class='ocr_line' id='line_1_31' title="bbox 164 2866 1180 2951; baseline -0.002 -17"><span class='ocrx_word' id='word_1_207' title='bbox 164 2883 199 2934; x_wconf 82' lang='lat'>30</span> <span class='ocrx_word' id='word_1_208' title='bbox 219 2868 302 2933; x_wconf 89' lang='lat' dir='ltr'>sima</span> <span class='ocrx_word' id='word_1_209' title='bbox 331 2866 436 2934; x_wconf 78' lang='lat' dir='ltr'>adhuc</span> <span class='ocrx_word' id='word_1_210' title='bbox 463 2869 573 2936; x_wconf 86' lang='lat' dir='ltr'>officia</span> <span class='ocrx_word' id='word_1_211' title='bbox 600 2868 715 2933; x_wconf 87' lang='lat' dir='ltr'>studiis</span> <span class='ocrx_word' id='word_1_212' title='bbox 737 2867 818 2930; x_wconf 92' lang='lat' dir='ltr'>meis</span> <span class='ocrx_word' id='word_1_213' title='bbox 842 2867 945 2951; x_wconf 87' lang='lat' dir='ltr'>dedit,</span> <span class='ocrx_word' id='word_1_214' title='bbox 975 2889 1043 2932; x_wconf 92' lang='lat' dir='ltr'>non</span> <span class='ocrx_word' id='word_1_215' title='bbox 1069 2872 1180 2933; x_wconf 85' lang='lat' dir='ltr'>tamen</span> 
     </span>
     <span class='ocr_line' id='line_1_32' title="bbox 216 2954 1181 3041; baseline -0.004 -18"><span class='ocrx_word' id='word_1_216' title='bbox 216 2957 285 3023; x_wconf 88' lang='lat' dir='ltr'>ista</span> <span class='ocrx_word' id='word_1_217' title='bbox 322 2955 429 3023; x_wconf 89' lang='lat' dir='ltr'>animo</span> <span class='ocrx_word' id='word_1_218' title='bbox 466 2957 663 3041; x_wconf 88' lang='lat' dir='ltr'>praestantis</span> <span class='ocrx_word' id='word_1_219' title='bbox 700 2954 901 3022; x_wconf 89' lang='lat' dir='ltr'>aestimanda</span> <span class='ocrx_word' id='word_1_220' title='bbox 943 2958 1029 3022; x_wconf 89' lang='lat' dir='ltr'>sunt.</span> <span class='ocrx_word' id='word_1_221' title='bbox 1071 2956 1181 3041; x_wconf 90' lang='lat' dir='ltr'>accepi</span> 
     </span>
    </p>
   </div>
   <div class='ocr_carea' id='block_1_3' title="bbox 217 3129 1181 3479">
    <p class='ocr_par' dir='ltr' id='par_1_9' title="bbox 289 3129 1180 3201">
     <span class='ocr_line' id='line_1_33' title="bbox 289 3129 1180 3201; baseline 0 -15"><span class='ocrx_word' id='word_1_222' title='bbox 289 3129 531 3201; x_wconf 81' lang='lat' dir='ltr'>4*[Narrstio.,]</span> <span class='ocrx_word' id='word_1_223' title='bbox 550 3131 585 3196; x_wconf 83' lang='lat' dir='ltr'>cf.</span> <span class='ocrx_word' id='word_1_224' title='bbox 600 3130 722 3200; x_wconf 78' lang='lat' dir='ltr'>prolepp.</span> <span class='ocrx_word' id='word_1_225' title='bbox 741 3132 752 3200; x_wconf 79' lang='grc' dir='ltr'>ΙΙ</span> <span class='ocrx_word' id='word_1_226' title='bbox 769 3130 938 3186; x_wconf 83' lang='lat' dir='ltr'>facultatum</span> <span class='ocrx_word' id='word_1_227' title='bbox 955 3133 1000 3201; x_wconf 72' lang='lat' dir='ltr'>Bu</span> <span class='ocrx_word' id='word_1_228' title='bbox 1018 3136 1034 3186; x_wconf 78' lang='grc' dir='ltr'>ι</span> <span class='ocrx_word' id='word_1_229' title='bbox 1053 3145 1180 3186; x_wconf 85' lang='lat' dir='ltr'>mearum</span> 
     </span>
    </p>

    <p class='ocr_par' dir='ltr' id='par_1_10' title="bbox 217 3199 1181 3273">
     <span class='ocr_line' id='line_1_34' title="bbox 217 3199 1181 3273; baseline -0.003 -17"><span class='ocrx_word' id='word_1_230' title='bbox 217 3202 356 3258; x_wconf 86' lang='lat' dir='ltr'>rationem</span> <span class='ocrx_word' id='word_1_231' title='bbox 375 3205 396 3254; x_wconf 99' lang='grc' dir='ltr'><strong><em>Β</em></strong></span> <span class='ocrx_word' id='word_1_232' title='bbox 419 3203 428 3271; x_wconf 84' lang='grc' dir='ltr'>ΙΙ</span> <span class='ocrx_word' id='word_1_233' title='bbox 452 3207 467 3257; x_wconf 77' lang='lat' dir='ltr'>&#39;t</span> <span class='ocrx_word' id='word_1_234' title='bbox 487 3199 603 3256; x_wconf 87' lang='lat' dir='ltr'>otium</span> <span class='ocrx_word' id='word_1_235' title='bbox 621 3202 667 3270; x_wconf 87' lang='grc' dir='ltr'>ΔΙΙ</span> <span class='ocrx_word' id='word_1_236' title='bbox 682 3204 757 3270; x_wconf 89' lang='lat' dir='ltr'>quod</span> <span class='ocrx_word' id='word_1_237' title='bbox 775 3203 819 3273; x_wconf 75' lang='lat' dir='ltr'>8ss</span> <span class='ocrx_word' id='word_1_238' title='bbox 841 3208 873 3256; x_wconf 93' lang='lat'>11</span> <span class='ocrx_word' id='word_1_239' title='bbox 892 3201 1001 3256; x_wconf 77' lang='lat' dir='ltr'>mihis</span> <span class='ocrx_word' id='word_1_240' title='bbox 980 3200 1115 3271; x_wconf 75' lang='lat' dir='ltr'>Bllquid</span> <span class='ocrx_word' id='word_1_241' title='bbox 1131 3204 1152 3253; x_wconf 91' lang='grc' dir='ltr'><strong><em>Β</em></strong></span> <span class='ocrx_word' id='word_1_242' title='bbox 1170 3201 1181 3272; x_wconf 74' lang='grc' dir='ltr'>Η</span> 
     </span>
    </p>

    <p class='ocr_par' dir='ltr' id='par_1_11' title="bbox 219 3204 1180 3344">
     <span class='ocr_line' id='line_1_35' title="bbox 219 3204 1180 3344; baseline 0.001 -18"><span class='ocrx_word' id='word_1_243' title='bbox 219 3278 252 3327; x_wconf 83' lang='grc'>13</span> <span class='ocrx_word' id='word_1_244' title='bbox 272 3271 325 3342; x_wconf 89' lang='lat' dir='ltr'>[et]</span> <span class='ocrx_word' id='word_1_245' title='bbox 344 3272 389 3328; x_wconf 86' lang='lat' dir='ltr'>Ro</span> <span class='ocrx_word' id='word_1_246' title='bbox 406 3274 416 3344; x_wconf 80' lang='grc' dir='ltr'>ΙΙ</span> <span class='ocrx_word' id='word_1_247' title='bbox 436 3278 468 3328; x_wconf 83' lang='grc'>16</span> <span class='ocrx_word' id='word_1_248' title='bbox 487 3271 625 3328; x_wconf 87' lang='lat' dir='ltr'>admissus</span> <span class='ocrx_word' id='word_1_249' title='bbox 643 3276 664 3325; x_wconf 95' lang='grc' dir='ltr'><strong><em>Β</em></strong></span> <span class='ocrx_word' id='word_1_250' title='bbox 682 3276 740 3344; x_wconf 69' lang='lat' dir='ltr'>ple</span> <span class='ocrx_word' id='word_1_251' title='bbox 759 3288 805 3328; x_wconf 89' lang='lat' dir='ltr'>me</span> <span class='ocrx_word' id='word_1_252' title='bbox 823 3289 873 3328; x_wconf 89' lang='lat' dir='ltr'>om.</span> <span class='ocrx_word' id='word_1_253' title='bbox 892 3275 985 3344; x_wconf 66' lang='grc' dir='ltr'><strong>Βηιθ</strong></span> <span class='ocrx_word' id='word_1_254' title='bbox 1003 3204 1180 3327; x_wconf 84' lang='lat' dir='ltr'>abstenuisse</span> 
     </span>
    </p>

    <p class='ocr_par' dir='ltr' id='par_1_12' title="bbox 217 3342 1178 3479">
     <span class='ocr_line' id='line_1_36' title="bbox 217 3342 1178 3479; baseline 0.003 -83"><span class='ocrx_word' id='word_1_255' title='bbox 217 3343 261 3467; x_wconf 51' lang='lat' dir='ltr'>gg}</span> <span class='ocrx_word' id='word_1_256' title='bbox 275 3345 425 3479; x_wconf 60' lang='lat' dir='ltr'>alhtampp</span> <span class='ocrx_word' id='word_1_257' title='bbox 444 3359 496 3400; x_wconf 87' lang='lat' dir='ltr'>om</span> <span class='ocrx_word' id='word_1_258' title='bbox 515 3345 607 3414; x_wconf 67' lang='lat' dir='ltr'>3112ss</span> <span class='ocrx_word' id='word_1_259' title='bbox 627 3345 767 3414; x_wconf 74' lang='lat' dir='ltr'>quanti</span> <span class='ocrx_word' id='word_1_260' title='bbox 788 3347 834 3413; x_wconf 75' lang='grc' dir='ltr'>ΔΙΙ</span> <span class='ocrx_word' id='word_1_261' title='bbox 852 3348 888 3398; x_wconf 85' lang='grc'>30</span> <span class='ocrx_word' id='word_1_262' title='bbox 906 3342 1015 3451; x_wconf 84' lang='lat' dir='ltr'>adhoc</span> <span class='ocrx_word' id='word_1_263' title='bbox 1033 3346 1090 3411; x_wconf 86' lang='grc' dir='ltr'>ΔΒ,</span> <span class='ocrx_word' id='word_1_264' title='bbox 1109 3359 1178 3398; x_wconf 83' lang='lat' dir='ltr'>corr</span> 
     </span>
     <span class='ocr_line' id='line_1_37' title="bbox 262 3429 451 3470; baseline 0.016 -3"><span class='ocrx_word' id='word_1_265' title='bbox 262 3430 276 3467; x_wconf 91' lang='lat' dir='ltr'>r</span> <span class='ocrx_word' id='word_1_266' title='bbox 325 3429 375 3466; x_wconf 85' lang='lat' dir='ltr'>aec</span> <span class='ocrx_word' id='word_1_267' title='bbox 422 3430 451 3470; x_wconf 84' lang='lat' dir='ltr'>er</span> 
     </span>
    </p>
   </div>
   <div class='ocr_carea' id='block_1_4' title="bbox 0 0 1352 3960">
    <p class='ocr_par' dir='ltr' id='par_1_13' title="bbox 0 0 1352 3960">
     <span class='ocr_line' id='line_1_38' title="bbox 0 0 1352 3960; baseline 0 0"><span class='ocrx_word' id='word_1_268' title='bbox 0 0 1352 3960; x_wconf 95' lang='lat' dir='ltr'> </span> 
     </span>
    </p>
   </div>
  </div>
 </body>
</html>
