2692 3960
386 157 708 215 DECLAMATIONES.
727 158 880 217 CCCXXV.
1041 161 1105 227 281

5 311 7 344 ³
146 321 219 390 vox
246 322 427 388 communis
456 325 519 407 cet3
551 321 668 387 iisdem
699 321 807 388 verbis
839 323 1042 410 interrogare
1073 327 1107 392 te

144 433 293 496 possum:
326 411 403 496 quid
429 432 608 494 merueras,
639 415 677 476 ut
700 414 734 477 te
757 411 912 477 scriberet
933 412 1107 481 heredem?

145 500 301 586 quamdiu
329 501 416 566 euim
442 500 576 566 tertium
602 520 670 564 nou
699 498 846 585 exhibes,
878 502 930 566 cui
952 500 1109 568 debeatur

144 588 323 673 hereditas,
349 588 435 654 inter
466 610 526 654 nos
558 588 707 673 quaestio
735 590 794 654 cst.
840 590 870 654 ei
895 591 1108 673 nominasses,

145 676 285 744 fortasse
312 677 424 742 atilli
456 677 610 743 dicerem:
646 698 709 761 quo
737 677 879 744 merito?
916 679 971 745 sed
1002 695 1141 764 nequeo

144 765 297 835 nominas
324 765 427 833 ullum
451 765 629 835 extrarium
651 787 757 850 neque
780 767 945 834 vindicare
967 769 1030 834 tibi
1052 790 1109 853 po·

144 858 196 920 tes
218 853 443 920 hereditatem.
483 855 619 939 proinde
640 855 735 921 uobis
758 857 931 942 responde:
955 879 1019 942 quo
1043 879 1108 923 me-

145 944 211 1008 rito
231 941 472 1027 <tu0>tnu11c
500 943 572 1029 quis
595 945 727 1030 ignorat
749 947 1021 1012 testamentorum
1043 947 1108 1013 for-

144 1031 281 1098 tunam?
305 1035 339 1098 et
361 1036 448 1098 esset
469 1031 610 1098 fortasse
633 1033 669 1098 in
690 1037 799 1100 totum
821 1034 968 1119 iniquum
986 1036 1108 1120 requiri

145 1119 282 1186 anobis
305 1120 425 1191 mentia
449 1121 574 1188 alienae
596 1123 769 1188 rationem.
806 1127 882 1188 sunt
905 1123 1036 1208 quidam
1059 1125 1107 1193 in·
1127 1139 1161 1190 10

145 1208 358 1275 rationabiles
384 1210 525 1294 impetus
551 1211 747 1294 animorum,
777 1211 936 1295 quaedam
962 1213 1109 1298 gratuita

145 1294 199 1383 (ut
225 1297 324 1382 vulgo
352 1297 526 1385 vocantur)
553 1298 637 1366 odia
687 1299 837 1384 quotiens
866 1300 1045 1366 audivimus
1072 1302 1108 1366 fi·

145 1385 227 1454 lium
249 1386 424 1454 dicentem:
457 1409 521 1472 quo
551 1409 624 1453 meo
647 1388 763 1453 merito
786 1390 880 1472 pater
902 1410 954 1454 me
977 1389 1108 1456 exhere-

146 1472 256 1542 davit?
288 1475 416 1542 nullam
438 1497 508 1542 rem
531 1476 734 1563 frequentior
757 1475 929 1542 admiratio
952 1478 1107 1562 sequitur.

216 1562 281 1630 Sed
301 1565 473 1631 tolerabile
496 1569 576 1649 erat,
599 1566 628 1632 si
652 1566 930 1652 interrogaremur
951 1566 1015 1632 hoc
1036 1570 1107 1633 tan·
1128 1579 1161 1630 1o

144 1655 216 1718 tum
243 1653 284 1720 de
310 1653 505 1721 hereditate:
533 1655 632 1721 altius
661 1654 843 1720 convicium
871 1656 1019 1739 quaestio
1041 1655 1108 1722 istu

143 1739 252 1808 habet.
297 1741 396 1826 quid?
428 1744 457 1808 si
480 1764 549 1808 non
571 1743 751 1810 communis
773 1743 840 1808 ista
866 1743 1003 1810 iufamia
1029 1745 1109 1812 fuis·

144 1833 203 1896 set.
227 1829 304 1914 quid
328 1830 428 1917 ergo?
459 1852 576 1917 negem
598 1831 700 1898 fuisse
722 1854 895 1918 rumorem,
922 1834 978 1917 qui
1001 1855 1109 1918 asper·

145 1921 238 2002 geret
253 1919 338 1985 hanc
355 1920 534 1986 feminam?
557 1926 594 1987 tu
613 1921 686 2006 scie,
709 1943 752 1986 an
770 1943 848 1987 vera
866 1921 942 1986 sint.
965 1925 998 1987 et
1015 1944 1107 2008 prae·

144 2007 231 2072 senti
252 2006 393 2074 fortusse
416 2008 470 2075 liti
492 2011 544 2076 vel
568 2009 760 2094 expediebat
783 2011 939 2077 confiteri.
979 2032 1056 2076 nam
1079 2012 1107 2077 si
1126 2025 1160 2074 20

143 2095 240 2178 istud,
258 2095 344 2180 quod
361 2097 508 2184 intellegi
526 2099 586 2182 vis,
603 2120 715 2164 verum
736 2103 794 2182 est,
812 2100 924 2184 utique
942 2099 1106 2165 hereditas

143 2186 259 2248 nostra
285 2188 344 2249 est.
390 2186 447 2252 sed
473 2187 611 2269 pecunia
637 2188 747 2273 potius
769 2188 1004 2272 periclitemur:
1037 2189 1108 2253 nul-

144 2269 214 2336 lum
246 2272 400 2338 meritum
430 2275 541 2338 uxoris
572 2278 648 2339 tuae
680 2275 834 2340 adversus
867 2275 1001 2342 divitem
1036 2275 1108 2352 suit.

146 2357 240 2443 quasi
267 2380 343 2424 vero
371 2360 497 2424 meritis
525 2365 654 2428 tautum
681 2362 877 2429 hereditates
908 2365 1107 2450 contingant.

144 2447 283 2512 interest
306 2469 348 2512 an
371 2451 507 2533 ametur,
529 2449 585 2534 qui
609 2450 719 2516 amat?
741 2451 851 2535 potuit
872 2451 957 2516 hanc
981 2467 1160 2518 amesseae

143 2534 299 2602 feminam
323 2535 422 2616 dives,
446 2537 537 2604 salva
559 2538 656 2604 huius
680 2538 887 2605 conscientia.
922 2541 1018 2621 [erat]
1038 2562 1108 2624 spe·

144 2623 234 2690 cioea
252 2628 330 2692 erat.
358 2625 468 2711 potuit
485 2626 520 2692 in
537 2626 624 2693 huno
640 2626 801 2692 adfectum
819 2627 979 2695 incidisse.
1011 2629 1109 2693 multi

93 2755 96 2760 -
145 2716 234 2797 sunt,
264 2714 319 2799 qui
347 2717 546 2782 testamenta
577 2716 625 2781 sic
647 2715 806 2802 scribant,
835 2718 1003 2800 tamquam
1025 2717 1108 2782 illud

5 2845 6 2868 2
144 2801 186 2866 ad
207 2802 311 2867 vitam
329 2824 441 2868 corum
459 2805 630 2889 pertineat.
663 2805 709 2871 sic
728 2803 859 2889 quidam
878 2804 1013 2872 heredes
1033 2807 1109 2872 ecri-

5 2901 6 2918 ¹
61 2985 74 3006 ⁶
143 2888 228 2955 bunt
262 2911 333 2977 eos,
369 2914 451 2976 quos
488 2898 633 2979 captant,
668 2897 837 2979 tamquam
873 2893 1106 2977 intellecturos,
1125 2909 1160 2959 30

216 3016 231 3064 1
250 3010 361 3066 hisdem
379 3016 423 3066 AB
437 3013 446 3082 11
460 3015 639 3080 quominus
658 3018 681 3068 A
699 3017 709 3084 1
727 3021 743 3070 3
762 3016 849 3071 etiarn
866 3020 930 3085 An,
949 3032 1019 3072 corr.
1038 3016 1109 3087 Scbll

5 3093 6 3098 ’
144 3085 160 3136 b
178 3082 321 3150 quomodo
339 3084 440 3138 merito
458 3085 503 3154 31
518 3091 532 3140 '1
550 3085 668 3154 perinde
681 3090 702 3138 B
716 3087 725 3154 11
738 3086 920 3156 respondebis
932 3091 956 3140 A
969 3087 979 3155 1
992 3085 1109 3159 8(tuo>

142 3153 201 3208 Aer
213 3155 254 3223 19
273 3170 334 3208 esse
353 3157 383 3209 et
399 3154 452 3209 for.
470 3156 563 3224 3110
581 3155 695 3223 quidem
709 3160 730 3208 3
744 3157 753 3225 11
768 3163 802 3210 14
818 3160 849 3206 Ν
866 3162 889 3209 A
902 3159 912 3225 1
927 3161 1032 3213 17-18
1050 3158 1107 3225 for·

143 3227 214 3278 tasse
233 3224 305 3296 *[si]
324 3243 352 3279 n.
371 3242 394 3280 o,
413 3225 432 3282 i.
451 3223 471 3281 i.
489 3225 706 3352 1111111110
725 3226 776 3281 lite
794 3227 838 3282 Ro
861 3228 922 3296 1131
941 3227 1108 3299 intellegitis

143 3292 259 3363 111123
274 3297 439 3352 adversus
454 3297 549 3366 Alte
568 3313 623 3352 ere
653 3300 760 3352 etates
779 3314 1030 3367 nonnumquam
1048 3317 1108 3354 usu

144 3364 263 3506 pfquf
282 3383 348 3422 non
365 3366 491 3424 merito
509 3371 603 3438 11125
622 3369 673 3426 int.
691 3370 725 3422 ut
742 3384 796 3424 am.
815 3372 908 3439 3126
926 3369 1050 3426 foemina
1067 3371 1106 3440 n'j
