2670 3962
235 144 299 211 170
599 141 830 210 QUINTILIANI

232 312 293 393 est,
314 309 367 374 vel
390 330 464 375 eum
486 307 629 392 periculo
643 306 801 374 venienti:
825 307 933 389 [nihil]
947 307 1011 374 tibi
1023 329 1100 374 vero
1120 308 1193 393 quis

233 395 1194 552 turbidi33⁰2rtllrfftltltfltlffittlr

233 507 334 640 :epiarm
356 573 518 659 parasitus
541 577 653 659 posset
675 572 830 640 occidere.
1018 535 1028 571 '

196 680 216 729 o
301 661 417 730 Obicio
439 662 515 747 tibi,
536 662 623 748 quod
647 661 833 728 adhibueris
856 683 955 730 cenae
977 664 1121 730 tertium.
1166 664 1195 730 si

233 751 297 818 hoc
319 751 442 817 factum
464 751 598 836 pietatis
621 755 684 834 est,
713 771 794 836 opus
817 755 868 818 est
891 754 1025 818 secreto.
1070 750 1195 838 Obicio,

234 839 320 926 quod
347 839 527 926 parasitum
553 839 762 924 potissimum
791 839 992 908 adhibueris:
1021 840 1084 907 boc
1107 841 1194 907 enim
1318 923 1319 928 ἵ

233 928 371 995 vacabat
398 928 526 1012 misero,
547 928 610 995 hoc
633 927 740 995 exuli?
777 929 916 995 cenabat
937 951 1011 996 cum
1032 930 1192 1014 parasitol
1231 969 1238 998 ι

234 1019 341 1083 cetera
371 1017 438 1082 iam
471 1017 628 1104 intellego
660 1038 729 1084 non
754 1017 918 1102 pertinere
939 1018 987 1084 ad
1019 1017 1194 1085 abdicatio-

180 1123 215 1173 10
233 1126 317 1171 nem
362 1105 482 1172 altiora
509 1109 586 1172 sunt
612 1106 748 1172 crimina
775 1110 809 1172 st
836 1107 903 1173 suis
931 1106 1061 1191 legibus
1086 1106 1195 1193 digna,

232 1215 299 1260 non
325 1195 436 1261 tamen
465 1193 584 1261 debent
609 1194 682 1260 ideo
709 1194 874 1280 lucrifieri,
901 1195 987 1281 quod
1009 1196 1044 1261 in
1066 1199 1193 1280 patrem

232 1282 422 1350 inciderunt.

302 1369 415 1438 Obicio
439 1371 503 1439 tibi
526 1371 692 1439 occidendi
713 1372 826 1438 fratris
845 1372 1028 1440 consiliam.
1050 1372 1078 1437 si
1098 1393 1192 1439 accu-
1318 1397 1319 1460 p

234 1462 324 1527 sator
342 1481 456 1542 essem,
476 1460 505 1527 si
522 1465 555 1526 te
573 1461 606 1527 in
626 1461 765 1529 culleum
783 1463 939 1547 peterem,
956 1461 1014 1527 illa
1028 1460 1193 1528 dixissem:
1318 1513 1319 1534 1

179 1565 214 1614 1⁶
232 1569 371 1632 persona
398 1549 527 1616 crimini
557 1548 674 1616 idonea
705 1553 767 1616 est:
800 1549 901 1616 babes
933 1549 1128 1634 parasitum
1160 1552 1194 1615 et

233 1656 331 1703 causa
358 1637 524 1704 occidendi
550 1637 724 1705 manifesta
752 1640 816 1704 est:
849 1636 981 1704 coheres
1010 1660 1044 1704 cs
1071 1638 1194 1705 fratris.

209 1753 212 1758 ·
232 1725 360 1791 occasio
383 1725 508 1794 adiurit
530 1727 715 1794 consilium:
738 1726 824 1791 intra
846 1727 926 1792 fines
949 1726 1053 1794 occidi
1070 1729 1194 1812 potest5

233 1813 382 1880 minister
404 1835 471 1881 non
494 1815 614 1882 defuit:
636 1814 800 1899 parasitus
822 1813 857 1880 in
879 1818 937 1881 tua
954 1819 1116 1899 potestate
1135 1821 1194 1883 est.

233 1904 340 1967 cetera
358 1924 433 1970 vero
453 1905 504 1970 cui
521 1925 589 1971 non
607 1903 707 1969 etiam
725 1902 899 1969 manifesta
920 1903 1009 1970 sint?
1031 1904 1193 1990 parasitus

177 2007 214 2058 ao
233 1989 304 2056 sine
334 1995 393 2058 tua
429 1993 597 2058 voluntate
634 1991 804 2057 convitiari
835 1989 931 2058 fratri
956 1996 1013 2059 tuo
1037 1993 1193 2059 auderet?

232 2077 331 2145 bomo
359 2079 394 2146 in
422 2079 641 2147 adulationem
669 2084 781 2166 natus,
810 2080 925 2168 homo,
953 2081 1044 2148 cuius
1072 2081 1193 2148 famem

231 2169 269 2234 tu
291 2171 421 2234 tantum
442 2168 603 2254 propitius
628 2168 813 2254 differebas,
839 2170 1060 2237 confecisset
1081 2171 1193 2256 utique

233 2276 297 2341 quo
325 2260 358 2323 te
384 2260 516 2342 putaret
538 2256 665 2323 offendi.
710 2258 831 2324 dormis
862 2257 939 2344 (hoc
961 2259 1023 2325 tibi
1045 2259 1080 2324 in
1101 2280 1211 2343 prae·

233 2344 339 2411 sentia
362 2342 540 2432 credatur):
562 2366 628 2411 uon
654 2346 794 2431 putabat
823 2347 886 2414 tibi
907 2367 1004 2432 posse
1027 2347 1192 2414 nuntiari?

176 2451 213 2501 ao
233 2437 266 2498 et
295 2436 407 2498 tamen
428 2431 616 2500 incredibile
641 2438 691 2500 est
713 2439 747 2502 te
770 2434 928 2502 dormisse
950 2436 1013 2502 hoc
1035 2439 1193 2520 temporo,

230 2520 397 2586 hocloco:
421 2522 606 2589 convivium
625 2528 708 2610 erat;
732 2527 766 2589 et
783 2525 879 2610 quale
898 2521 1103 2590 convivium?
1126 2522 1192 2588 fra-

230 2612 281 2674 ter
304 2609 469 2676 invitatus.
503 2611 550 2677 ita
573 2611 630 2677 ille
653 2612 825 2679 convitiari
847 2633 945 2677 ausus
963 2610 1088 2696 fuisset,
1111 2611 1191 2677 site

230 2701 396 2764 amentem
422 2698 536 2766 fratris
566 2699 724 2767 vidisset?
769 2698 863 2765 credo
880 2697 1069 2784 ‘parasitum
1092 2699 1191 2765 etiam

229 2783 405 2852 insultasse
423 2785 575 2855 fortunae
592 2789 653 2855 filii
670 2788 743 2853 mei.
779 2791 881 2872 atace,
904 2785 996 2874 dixit,
1018 2788 1113 2853 exul«
1136 2809 1191 2874 pa-

304 3004 399 3055 lven.
418 2998 491 3054 nihil
508 3001 528 3055 t.
547 3003 584 3066 Δ,
610 3015 674 3053 ven.
697 2996 1053 3070 milcianorum„
1076 3005 1191 3070 tpara-

229 3067 344 3210 pusoz
361 3069 617 3222 pnoppaduppupfi!
634 3069 967 3210 ἰωῑτὶοῗῃὲθθξωᾙίἱ
978 3069 1099 3212 li1b)[eet
1122 3086 1193 3212 0Roell

232 3216 265 3294 it
284 3159 433 3268 maniiiesto
452 3211 498 3280 ΔΙΙ
514 3217 546 3267 17
564 3229 596 3266 m
613 3210 682 3268 lines
699 3216 741 3267 Aa
757 3214 767 3283 ΙΙ
784 3217 820 3268 20
838 3227 945 3267 conrm
962 3216 1004 3267 Aa
1023 3214 1032 3283 ΙΙ
1053 3218 1087 3267 21
1099 3141 1191 3294 bomo

228 3284 502 3424 briddtiiemioi
525 3282 781 3424 ungamini?
791 3287 861 3424 lbi
873 3282 1011 3409 mwdrndelii
1019 3283 1192 3424 Ᾰιριῖοεῗὸιῗ

417 3393 427 3420 ›

228 3421 349 3478 cedibile
368 3427 409 3487 Aa
421 3425 431 3493 l
445 3429 479 3480 26
502 3355 590 3480 iratre
611 3427 653 3478 Aa
665 3427 675 3495 i
688 3430 723 3480 27
746 3422 872 3481 conriaci
896 3429 937 3478 Aa
953 3427 963 3496 i
981 3429 1015 3480 28
1040 3441 1133 3481 amem
1150 3429 1193 3480 Aa
1318 3487 1319 3508 ζ
