2668 3968
386 165 705 223 DECLAMATIONES.
725 167 825 224 CCLK
1040 168 1085 235 63

122 329 187 396 ista
216 328 343 415 gravia
368 350 451 413 quae
484 329 682 395 obiciuntur:
719 330 843 415 aliquid
875 330 991 396 fecisse
1022 333 1085 398 ele·

123 422 257 503 menter,
277 422 392 484 contra
411 417 508 484 duros
528 421 561 483 et
578 439 710 503 asperos
724 421 832 503 patres
851 420 1083 504 interposuisse

121 507 376 573 misericordiam
404 528 465 590 pro
494 529 553 572 sua
580 511 701 572 aetate:
728 528 795 573 non
824 507 887 574 hoc
916 508 999 573 vidit
1019 509 1082 592 lex,

122 617 202 681 qnae
234 595 373 662 recitata
401 598 466 680 est,
497 617 564 660 non
595 596 747 663 voluntas
774 597 857 680 eins,
887 597 1082 682 quicumque

122 685 270 750 eonditor
286 684 367 748 iuris
385 683 480 748 istius
497 684 569 749 fuit
595 684 676 750 haec
695 704 757 769 ego
777 685 894 750 fortius
913 685 989 770 dixi,
1007 687 1083 770 quis
1101 701 1119 750 t

121 773 448 858 <nihil>remirsurns
472 794 553 838 sum.
579 772 666 850 Quid
689 774 775 839 enim
798 774 963 841 obicitur?
998 775 1083 858 „Ab-

121 862 245 928 dicatus
268 861 384 945 recipit
411 865 445 926 et
469 883 528 927 sna
550 862 688 947 pecunia
711 863 797 928 alit“.

182 949 231 1016 Ut
257 949 451 1035 gramssime
471 949 651 1016 indicemus
674 950 713 1017 de
736 951 799 1016 hoo
821 951 970 1018 crimine:
1004 953 1082 1016 stul·
1107 1000 1112 1013 .

118 1039 193 1104 titia
221 1043 273 1104 eet
298 1042 332 1104 et
359 1060 575 1123 supervacuas
602 1041 755 1122 inpensas
782 1040 871 1106 facit.
925 1040 998 1125 quis
1031 1045 1082 1106 est

118 1128 190 1212 iste,
214 1128 272 1213 qui
294 1127 404 1210 nobis,
426 1130 595 1212 tamquam
617 1131 718 1212 pater,
740 1128 914 1194 iraseitur?
957 1129 1081 1213 „Patri-
1102 1144 1136 1194 ιο

118 1217 265 1283 monium
301 1218 464 1282 consumis
498 1220 532 1282 et
558 1215 682 1300 alioqui
697 1217 898 1300 splendidas
926 1240 1005 1303 opes
1028 1239 1080 1284 co·

118 1305 197 1370 tidie
226 1304 393 1370 effimdis.“
436 1303 527 1381 Quae
554 1305 686 1370 tandem
714 1306 778 1370 ista
804 1306 891 1370 inter
914 1327 948 1371 se
971 1327 1082 1391 pugna

25 1473 26 1480 ἵ
119 1393 189 1460 est?
240 1394 348 1478 legem
381 1394 500 1458 recitas
537 1394 644 1458 laesae
678 1393 725 1458 rei
761 1394 910 1478 publicae
943 1398 977 1458 et
1008 1395 1080 1480 agis

24 1483 26 1504 l
117 1483 211 1566 qnasi
229 1483 370 1547 abdices.
411 1479 465 1547 Sic
487 1481 688 1566 respondebo
710 1485 881 1568 tamqnam
901 1481 1080 1547 abdicanti:

117 1571 265 1656 ignosce:
283 1570 409 1636 iuvenis
431 1573 493 1654 est3
516 1592 582 1637 non
597 1570 679 1636 satis
693 1569 767 1654 (ei)
781 1571 918 1654 roboris,
936 1570 1081 1637 nondum
1101 1586 1134 1635 15

118 1660 197 1724 satis
206 1659 361 1725 iudicium
372 1659 562 1724 confirmare
571 1659 687 1744 potuit
706 1663 858 1726 ettamen
872 1661 900 1724 si
913 1659 1080 1726 faciendae

117 1753 192 1814 sunt
223 1749 393 1832 inpensae,
431 1749 459 1811 si
490 1747 688 1832 perdendum
715 1747 852 1833 aliquid,
883 1771 949 1814 non
971 1753 1081 1832 potest

117 1837 307 1902 honestiore
328 1837 384 1902 ria
406 1835 589 1920 inpendere.
633 1858 698 1902 non
720 1838 944 1903 meretricibus
968 1836 1080 1922 donat3

113 1947 180 1991 non
208 1926 245 1990 in
272 1925 434 2010 parasitos
461 1924 643 2010 profundit3
675 1946 743 1991 non
771 1926 823 1990 illi
849 1947 969 2012 magno
993 1927 1080 2011 cupi-

116 2014 243 2080 didates
264 2035 342 2078 snae
356 2017 521 2079 condent:
537 2019 746 2098 sumptuosus
761 2019 812 2080 eet
829 2014 1078 2082 misericordiae.
1098 2028 1144 2080 2ο.

181 2102 280 2168 Libet
307 2103 406 2168 etiam
429 2122 548 2187 angere
570 2102 692 2169 crimme
715 2106 762 2187 et,
789 2103 818 2167 si
845 2126 909 2188 qua
930 2104 1080 2169 nesciunt

118 2195 339 2275 accusatores,
359 2190 511 2256 indicare.
556 2213 614 2256 vos
639 2211 711 2256 eum
734 2192 849 2276 largiri
871 2196 1001 2256 tantum
1025 2192 1079 2256 ab·

116 2279 232 2346 dicatis
247 2279 395 2363 putatis?
404 2303 462 2343 -r
475 2280 537 2345 istc
552 2279 674 2364 aliquid
689 2283 722 2344 et
733 2279 993 2345 mendicantibus
1006 2301 1079 2364 por·

24 2379 25 2384 ’
117 2367 208 2455 rigit3
231 2369 297 2433 iste
316 2373 349 2434 et
365 2369 496 2452 multos,
514 2368 665 2434 fortunae
683 2368 801 2433 iniuria
815 2368 935 2453 lapsos,
954 2373 1078 2434 susten·

114 2463 164 2522 tat
186 2463 287 2542 atque
306 2457 417 2542 erigit.
445 2457 544 2540 »quid
566 2457 694 2538 faciam,
718 2457 832 2540 inquit,
855 2457 963 2522 animo
982 2457 1078 2523 meo?
1098 2472 1133 2521 rs

116 2547 265 2630 quotiens
280 2545 451 2611 infelicem
474 2545 540 2610 vidi
563 2545 703 2630 aliquem
727 2548 761 2610 ct
783 2545 958 2610 necessarii
976 2546 1078 2609 etiam

114 2636 220 2700 victus
245 2639 408 2720 egentem,
437 2635 588 2700 lacrimas
614 2639 724 2699 tenere
748 2654 815 2698 non
836 2654 981 2717 possum.
1025 2631 1078 2696 In-

115 2723 236 2788 vidiam
268 2723 350 2788 mihi
389 2723 494 2788 faeere
525 2723 655 2788 videtur
687 2721 919 2806 patrimonium
956 2742 1077 2786 meum:

114 2813 247 2895 pulsant
265 2810 408 2876 frontem
429 2832 535 2876 meam
554 2811 763 2895 caeduntque,
786 2811 916 2876 etiamsi
937 2813 1078 2892 taceant,

114 2901 185 2984 ipso
209 2900 336 2984 habitu,
356 2899 430 2983 ipsa
452 2900 603 2984 tristitia,
625 2900 697 2983 ipso
721 2900 866 2984 silenti03
890 2898 947 2963 sed
970 2904 1003 2963 et
1025 2920 1076 2963 ro·
1095 2913 1131 2963 30

116 2993 195 3073 gant
215 2993 249 3055 et
265 2988 502 3074 provolvuntur
520 2989 560 3054 ad
580 3009 693 3073 genua
721 3009 780 3054 nee
794 2986 874 3053 mihi
889 2987 948 3053 1lla
962 2987 1078 3051 saltem

184 3169 201 3218 6
219 3161 571 3235 <nihil>Scle118stultas
586 3163 743 3231 streptu
759 3168 793 3216 10
810 3160 878 3242 imp
895 3166 919 3213 A
932 3163 941 3230 ΙΙ
957 3165 989 3214 13
1010 3175 1077 3228 ages

113 3239 136 3286 Δ
148 3235 158 3302 ΙΙ
171 3251 243 3303 qnos
255 3234 355 3288 suda
369 3235 378 3303 ll
393 3238 427 3288 14
443 3239 474 3286 Ν
490 3236 514 3286 Δ
527 3236 537 3304 ΙΙ
552 3238 584 3287 15
598 3231 668 3304 (ei)
680 3231 725 3286 Ro
738 3233 748 3299 ll
763 3239 796 3286 lt
815 3231 912 3286 indicii
930 3235 987 3298 n,
1006 3247 1076 3287 corr.

114 3304 156 3361 Ro
168 3308 178 3375 ΙΙ
192 3309 228 3360 20
241 3301 434 3359 misericordis
447 3309 514 3357 aar
527 3305 537 3372 ll
551 3309 584 3358 21
600 3303 676 3372 quod
685 3307 715 3370 B,
730 3301 827 3370 qnid?
840 3302 851 3370 ll
864 3306 898 3355 22
912 3301 1076 3371 largitatum

115 3379 136 3427 Δ
157 3377 167 3444 l
189 3382 225 3430 25
245 3374 282 3430 ad
302 3389 359 3444 qus
376 3375 467 3444 eregit
485 3380 526 3428 Δι
538 3374 548 3443 ΙΙ
562 3391 626 3429 oum
644 3373 696 3429 fac.
714 3377 736 3425 B
750 3374 760 3441 l
773 3374 889 3427 autumo
903 3388 965 3428 meo
984 3376 1005 3425 B
1019 3373 1028 3440 ΙΙ
1042 3378 1076 3426 26

115 3453 145 3498 Ν
156 3452 179 3499 Α
192 3451 202 3518 l
216 3445 341 3515 eliquat
355 3448 365 3516 ΙΙ
378 3448 578 3515 tingentesda
591 3447 601 3514 ΙΙ
614 3443 809 3500 28ridenturlt
822 3447 832 3514 ΙΙ
845 3443 1076 3516 ilcednntqnilt
