2682 3956
343 140 663 198 DECLAMATIONES.
683 139 873 198 cccxtvln.
1036 140 1102 206 369

209 302 296 389 Soio,
323 305 460 390 indices,
484 305 582 389 quem
611 303 742 369 difficile
765 306 809 370 sit
832 303 1012 371 alienorum
1035 325 1103 371 mu·

142 395 250 462 lorum
272 394 448 480 imaginem
472 416 602 479 ospers;
625 393 680 458 sed
701 395 822 477 temen,
840 395 998 477 quantum
1018 394 1103 478 oogi·

142 481 268 550 tutione
290 482 501 568 permittitur,
524 482 746 567 unusquisque
769 504 804 548 se
821 481 879 546 illo
897 482 970 548 loeo
988 485 1103 566 ponet:

143 570 463 657 ee†primum†illo,
486 593 568 655 ques
591 572 678 636 intre
701 570 845 640 animum
868 590 976 636 meum
998 569 1103 648 volvo,

143 664 251 726 mente
274 661 449 745 eonoipiotr
479 681 554 726 num
576 663 755 726 reverterer
778 682 818 725 ex
840 659 1102 743 peregrinatione
1122 673 1139 724 o

143 748 257 835 longe,
290 770 387 833 quem
419 748 500 818 mihi
532 748 683 814 attulerit
713 748 947 834 cogitationem
980 747 1102 830 primus

143 841 304 922 ospeetus

493 957 748 1028 ocoxnvm.

271 1064 361 1134 Gnm
383 1065 632 1154 proditoribus
656 1083 777 1134 osroer
798 1066 977 1136 inoonsus.

143 1192 353 1262 Inrsnsron
381 1210 419 1260 nr
445 1209 560 1262 nunno
589 1210 736 1262 emen
762 1209 904 1258 nusum
931 1208 1103 1260 rorusm-
1125 1205 1158 1255 ro

234 1299 316 1348 reu.
361 1280 544 1366 Imperator
567 1281 763 1365 proditionis
787 1284 956 1364 snspeotos
978 1282 1014 1344 in
1036 1301 1103 1346 oer-

234 1391 340 1436 eorom
364 1371 510 1436 oonieoit
547 1392 585 1438 ex
607 1369 779 1453 menningo
801 1368 970 1453 comperit,
992 1368 1105 1434 eadem

235 1463 330 1528 noete
365 1460 495 1524 finitum
530 1457 573 1524 iri
600 1457 826 1542 proditionem.
873 1456 1015 1524 incendit
1039 1479 1106 1522 oer-

231 1569 346 1616 oerem.
392 1548 560 1631 perierunt
586 1546 651 1628 illi,
683 1546 739 1630 qui
772 1549 866 1612 erent
896 1545 931 1610 in
962 1565 1105 1628 osroer03

234 1636 345 1704 hostes
368 1641 579 1702 recesserunt
620 1639 798 1718 eoousetur,
821 1633 906 1718 quod
925 1633 964 1702 de
983 1633 1104 1700 iudom·
1124 1649 1157 1698 1⁶

236 1725 323 1791 netis
342 1725 518 1810 sumpserit
541 1724 745 1809 supplioium.

461 1880 792 1952 DECLAMATIO.

213 1990 248 2058 Si
272 1992 398 2059 ratione
420 1990 551 2058 defendi
571 2011 638 2056 non
660 2011 801 2075 possem,
822 1990 893 2056 iure
910 1989 1106 2056 defenderer.

145 2081 382 2164 »imperator
416 2079 455 2146 in
488 2079 593 2145 bello
618 2100 802 2145 summum
830 2078 975 2146 habeut
997 2081 1107 2161 pote·

146 2172 319 2234 statem«.
367 2168 401 2233 id
431 2166 517 2252 quod
540 2167 671 2233 obicitis
707 2166 759 2252 (ut
791 2167 936 2232 nondum
968 2165 1108 2232 obieiem
1126 2180 1162 2231 2ο

146 2260 281 2340 propter
312 2256 433 2321 bellum
460 2255 584 2320 foetum
607 2252 687 2340 osse)
719 2256 755 2320 in
785 2254 869 2320 bello
898 2253 1022 2320 foetum
1050 2258 1110 2320 est

147 2365 224 2412 usus
249 2366 322 2410 sum
344 2343 446 2427 igitur
468 2343 552 2428 legs.
596 2343 788 2425 viderimus,
815 2363 912 2426 quem
942 2341 1109 2425 utili<ter>

147 2434 329 2500 constituto
355 2435 389 2498 et
414 2432 597 2499 necessaris
626 2452 761 2514 quoque.
806 2431 1042 2513 »imperator
1070 2431 1110 2496 in

148 2521 254 2587 bello
296 2542 480 2588 summurn
521 2519 660 2586 hebeat
702 2522 971 2602 potestatem(
1034 2521 1109 2584 onte

148 2612 261 2678 omnis
283 2632 347 2678 non
372 2608 406 2676 id
426 2612 476 2676 est
493 2611 631 2691 tempus,
655 2629 718 2692 qno
737 2606 856 2672 iudioie
874 2608 1024 2688 exerceri,
1045 2626 1109 2689 quo
1128 2621 1164 2672 eo

148 2700 237 2783 leges
261 2700 402 2766 rotinere
423 2697 492 2764 vim
517 2719 608 2762 suem
631 2695 769 2782 possint.
810 2696 875 2760 iste
893 2717 957 2782 pax
975 2698 1111 2778 spectet,

223 2863 237 2910 l
257 2870 319 2910 sero
338 2854 472 2910 iudicium
489 2856 534 2979 By
551 2861 567 2908 2
587 2853 626 2908 sit
643 2857 704 2924 AB,
723 2869 793 2910 corr.
814 2851 870 2908 our
883 2853 924 2922 id
942 2851 1109 2922 permittun-

149 2927 197 2980 tur
214 2929 235 2977 B
258 2926 268 2994 Ι
287 2929 305 2978 4
327 2925 448 2994 primum
471 2941 520 2980 ene
531 2926 592 2979 edit
614 2925 683 2994 Ros
700 2925 750 2994 qni
767 2928 888 2989 tuentur,
913 2924 1038 2979 mutilam
1056 2939 1111 2978 esse
1184 2939 1187 2944 ·

149 2997 371 3053 declamationem
389 3001 414 3050 et
431 2996 580 3064 dissipetur
597 2997 798 3064 intercipientes
817 2995 898 3049 uerbo
917 2995 1045 3064 erupistri
1062 2993 1109 3060 (of.

144 3069 281 3138 proiepp.)
299 3071 419 3121 extremo
437 3067 557 3121 omisisse
573 3068 772 3132 indicaverim
791 3071 906 3120 ceterum
925 3066 959 3132 of.
979 3069 1042 3131 410,
1054 3064 1112 3135 201}

150 3143 167 3194 5
186 3143 327 3194 revertere
346 3153 394 3194 rex
412 3141 465 3204 Ae,
490 3137 598 3192 reverte
617 3153 666 3192 rex
683 3137 746 3206 Ab!
767 3141 799 3190 10
817 3135 880 3204 imp
897 3135 942 3190 tio
959 3141 984 3190 et
1002 3137 1114 3202 saepius

151 3213 174 3262 Δ
191 3211 202 3278 fl
222 3215 255 3264 13
274 3207 322 3280 iri]
341 3209 370 3264 in
389 3211 410 3262 B
428 3209 439 3278 ΙΙ
456 3207 614 3277 proditione
632 3211 654 3261 B
673 3209 684 3277 Ι
709 3214 740 3262 lt
758 3205 921 3274 inddpnetio
939 3207 985 3277 At
1000 3210 1032 3260 10
1051 3203 1114 3275 imp

150 3281 195 3336 iio
211 3287 236 3336 et
249 3281 360 3350 saepius
372 3282 394 3332 B
407 3281 417 3349 [Ι
429 3285 464 3334 21
479 3281 523 3332 est
536 3280 593 3339 ΑΒ,
613 3294 681 3334 eoer.
694 3278 765 3344 Obr,·
783 3279 847 3338 ieri.
863 3277 878 3310 *
893 3281 997 3332 20-21
1018 3275 1048 3330 id
1066 3293 1111 3344 qu.

151 3349 198 3405 ob.
217 3354 249 3404 nt
266 3368 293 3407 n.
313 3350 464 3406 orontium:
486 3368 512 3418 p.
532 3347 559 3403 b.
578 3348 597 3404 f.
617 3351 669 3417 est,
688 3348 718 3404 in
735 3350 764 3403 b.
782 3347 802 3403 f.
822 3349 864 3402 est
881 3349 891 3415 ΙΙ
909 3352 944 3402 22
963 3344 1115 3420 utili<ter>

151 3421 209 3476 Aer
223 3421 282 3491 124
301 3420 392 3476 habeo
406 3426 430 3475 Δ
442 3423 452 3493 ΙΙ
466 3426 500 3475 26
518 3418 585 3476 idei
601 3424 633 3488 Δ,
652 3420 681 3476 id
701 3421 775 3475 esset
793 3423 813 3472 2

211 3518 349 3569 ornem-nr
363 3519 426 3572 seur,
440 3519 474 3560 ou.
488 3519 571 3562 mem.
921 3512 956 3561 24
