2692 3960
366 133 688 192 DECLAMATIONES.
707 133 901 194 oooxxvffl.
1048 132 1113 198 287

508 383 768 454 cooxme.

449 525 641 595 Discordoe
663 525 812 593 frames.

148 667 228 734 Filii
255 669 401 745 familiae
431 669 494 736 duo
517 670 739 736 adulescentes
762 668 881 733 fratres
905 667 1114 734 dissidebant.

239 758 351 824 iuncta
374 763 468 824 erant
490 781 602 826 eorum
619 758 776 825 cubicula
807 755 950 843 quodam
966 759 1114 841 tempore

240 847 352 913 audito
374 847 518 914 tumultu
540 847 575 912 in
598 847 754 914 interiore
777 849 871 931 parte
890 845 1004 911 domus
1023 845 1148 912 venito

237 939 334 1020 pater
355 936 390 1001 in
414 958 488 1002 eum
511 937 630 1021 locum,
650 936 685 1001 in
708 957 773 1020 quo
796 935 922 1000 clamor
945 936 1024 1000 erat.
1065 935 1112 998 in·

238 1025 329 1091 venit
355 1026 495 1091 alterum
518 1046 558 1092 ex
579 1025 658 1091 filiis
682 1025 833 1091 occisum.
878 1021 1113 1089 cubicularium

239 1113 308 1178 eius
331 1115 431 1180 torsit
453 1117 487 1179 et
509 1115 628 1181 occidit
649 1114 684 1179 in
706 1112 888 1179 tormentis.
925 1110 1003 1197 quid
1027 1133 1113 1179 com·

236 1203 368 1288 pererit,
389 1204 552 1268 incertum
575 1206 634 1268 est
666 1201 886 1287 interrogavit
902 1200 997 1266 illum
1016 1200 1113 1284 filius,

238 1291 316 1376 quid
352 1291 573 1377 comperisset
617 1312 686 1357 non
720 1289 918 1355 indicantem
950 1289 1115 1354 accusavit
1134 1305 1166 1352 10

239 1379 430 1446 dementiae.
462 1380 633 1446 absolutus
657 1383 708 1444 est
729 1381 834 1462 pater.
864 1377 992 1443 iuvenis
1010 1377 1112 1462 parri·

237 1468 313 1534 oidii
336 1471 519 1554 accusatur,
541 1468 634 1534 adest
656 1466 708 1532 illi
729 1470 832 1552 pater.

546 1660 719 1729 SERMO.
768 1669 770 1674 '

214 1801 277 1868 Rei
303 1824 444 1888 persona
466 1809 541 1870 ante
565 1804 677 1870 omnia
698 1802 891 1888 infamatur,
919 1804 952 1867 et
980 1821 1112 1868 necesse

147 1894 214 1975 est,
239 1913 299 1958 nos
327 1893 368 1958 ab
397 1914 436 1959 eo
463 1892 615 1977 incipere.
660 1892 750 1977 prius
779 1912 857 1977 ergo
887 1890 1045 1956 sumimus
1068 1889 1112 1976 id,
1131 1906 1164 1956 15

147 1979 233 2065 quod
255 1982 346 2065 prius
369 1982 588 2049 videturesse
611 1981 648 2047 in
670 2003 819 2067 persona
856 1980 1010 2047 occidisse
1032 1979 1111 2046 dioi-

146 2073 202 2135 tur
224 2068 372 2136 fratem:
394 2070 458 2136 hoc
481 2071 610 2137 etiamsi
632 2092 700 2137 non
720 2091 894 2156 possumus
916 2068 1053 2152 efficere,
1074 2071 1112 2133 ut

147 2156 184 2222 in
205 2178 314 2222 rerum
335 2160 454 2223 natura
475 2180 542 2225 non
565 2180 636 2226 esse
659 2159 819 2244 videatur,
844 2179 882 2225 eo
904 2161 1016 2222 tamen
1038 2177 1111 2240 per·

148 2243 311 2330 ducemus,
332 2248 370 2310 ut
391 2268 459 2312 non
480 2246 574 2312 facile
599 2247 759 2314 credatur.
841 2283 845 2290 ·

460 2438 797 2507 DECLAMATIO.
1130 2457 1164 2506 eo

214 2579 364 2648 Obicitur
384 2603 441 2648 reo
465 2581 628 2648 discordia
646 2604 720 2648 oum
737 2582 853 2649 frume:
877 2587 910 2650 et
928 2584 991 2648 hoo
1006 2584 1111 2667 prius·

147 2692 245 2755 quam
277 2671 319 2736 ad
351 2693 465 2737 causes
497 2671 663 2756 pertineat
690 2670 870 2754 occidendi,
901 2673 942 2738 ad
974 2672 1111 2738 erimina

145 2781 304 2844 personae
332 2760 542 2826 admittimus.
586 2759 747 2826 discordia
774 2782 846 2826 cum
868 2759 994 2827 fratre?
1035 2765 1110 2827 ante

145 2847 266 2932 omnia,
295 2871 466 2914 commune
488 2850 697 2916 maledictum
720 2852 771 2914 est
793 2870 867 2916 cum
891 2871 939 2936 eo,
963 2850 1019 2934 qui
1040 2850 1109 2916 vin·

15 2989 16 2992 ¹
146 2936 286 3021 dicatur,
313 2940 346 3002 et
373 2959 472 3022 penes
496 2959 592 3022 quem
614 2940 710 3023 culpa
732 2938 845 3024 fuerit,
871 2938 977 3024 magis
1000 2941 1111 3023 potest
1128 2953 1162 3002 25

217 3135 235 3184 4
253 3143 349 3184 eorum
368 3145 419 3185 oen.
437 3134 479 3182 Aa
491 3131 531 3200 l⁶
550 3129 625 3197 quod
644 3146 722 3185 amor
740 3135 819 3183 Η
831 3132 842 3198 l
856 3134 890 3185 10
908 3129 1055 3184 accusator
1072 3129 1110 3200 ΔΗ

146 3205 181 3256 14
197 3199 357 3256 infirmatur
373 3205 437 3270 n,
465 3216 534 3256 corr.
553 3199 597 3255 Ro
619 3201 629 3269 ΙΙ
653 3206 757 3256 18-21
777 3199 884 3254 Sermo.
904 3198 1043 3254 Obiioitur
1059 3214 1108 3258 reo

145 3275 194 3326 etc.
212 3273 313 3340 (maus.
327 3271 369 3328 rei
381 3287 501 3342 persona
515 3301 549 3312 -
563 3271 701 3326 credatur.
719 3269 907 3340 Declamatio)
925 3273 946 3321 ³
969 3271 1027 3339 flat
1045 3286 1109 3340 per·

145 3340 283 3396 mittimus
301 3347 322 3395 B
344 3345 355 3412 n
376 3346 457 3413 patre
480 3346 545 3410 ΔΒς
572 3342 689 3410 fortusse
706 3340 880 3415 ⁸[oiseorcia
902 3358 966 3396 cum
984 3340 1085 3413 fraus]
1099 3342 1109 3412 ll

15 3427 17 3456 l
145 3417 180 3468 25
200 3412 230 3468 et
247 3428 332 3482 penes
350 3431 377 3482 q.
392 3431 415 3472 o.
429 3414 449 3471 i.
464 3432 501 3469 m.
518 3415 614 3485 potest
631 3431 683 3470 om.
701 3417 744 3468 Aa
