2682 3956
236 131 302 197 388
600 129 832 196 QUINTIHANI
883 195 888 202 .

626 327 803 396 vocavi,
1329 389 1330 394 ,

265 452 386 520 Filius
408 469 476 536 pro
499 452 690 519 meretrice
711 453 829 536 patris
851 470 954 520 suam
974 453 1170 524 redimens.
1326 371 1332 560 l

235 577 374 654 Quidam
400 578 567 643 luxurioso
594 577 681 662 filio,
707 579 833 643 amanti
859 580 1079 659 meretricem,
1108 580 1199 647 dedit

324 668 505 752 pecuniam,
518 671 557 732 ut
569 666 634 731 sibi
647 671 770 731 emeret
783 689 855 732 eam
868 669 1083 753 meretricem,
1098 691 1198 754 quam

199 770 217 820 e
324 757 395 842 ipse
421 759 517 840 pater
544 755 687 820 amabat
731 755 787 820 ille
815 777 888 820 eam
915 757 1066 841 redemit,
1100 781 1197 843 quam

323 845 395 929 ipse
418 844 607 910 adulescens
630 843 774 909 amabat
809 844 988 910 abdicatur.

627 1017 804 1086 SERMO.

300 1141 363 1208 Hie
386 1163 484 1207 senex
506 1141 593 1207 dicet
614 1141 719 1206 filium
736 1141 837 1206 fuisse
854 1143 1057 1209 luxuriosum
1075 1149 1110 1210 et
1126 1167 1194 1210 non

236 1232 305 1297 sine
333 1231 474 1296 maximo
502 1230 691 1314 patrimonii
718 1253 756 1296 ac
782 1231 891 1295 famae
919 1231 1038 1299 damno
1070 1255 1199 1299 amasse

184 1337 219 1386 10
236 1320 447 1385 meretricem.
505 1320 558 1383 cui
594 1320 682 1384 malo
718 1319 862 1385 voluisse
898 1321 1019 1386 mederi
1055 1327 1199 1405 patrem:

236 1431 332 1494 saepe
375 1408 584 1492 obiurgatum
624 1408 746 1490 lilium3
788 1430 885 1492 saepe
921 1413 1062 1494 secreto,
1103 1431 1199 1494 saepe

235 1498 335 1563 etiam
357 1499 467 1581 palam
489 1497 696 1582 castigatum.
736 1518 811 1561 cum
832 1497 898 1561 iam
920 1519 982 1563 nec
1004 1499 1199 1583 sumptibus,

234 1608 294 1651 nec
317 1585 608 1669 <in>vereeundiae
647 1585 722 1649 finis
744 1586 870 1669 imponi
890 1589 1019 1670 posset,
1042 1586 1199 1652 habuisse

236 1697 309 1740 cum
336 1673 486 1759 cognatis
514 1673 701 1757 consilium,
729 1673 885 1758 quidnam
912 1697 947 1740 sa
973 1675 1080 1739 facere
1105 1696 1199 1758 opor-

184 1779 218 1829 15
236 1767 331 1829 teret
376 1762 564 1828 abdicaret?
597 1763 654 1827 sed
680 1766 774 1827 tanto
801 1761 935 1828 liberior
959 1763 1078 1828 fuisset
1106 1763 1199 1828 luxu-

234 1854 293 1917 ria
339 1851 541 1934 castigaret?
578 1851 634 1916 sed
666 1850 751 1914 nihil
783 1851 975 1936 castigando
1008 1851 1202 1935 profecerat

236 1940 431 2005 succurrisse
454 1939 603 2024 cognatis
626 1943 660 2004 et
683 1938 795 2002 amicis
817 1941 990 2022 rationem,
1014 1961 1078 2024 qua
1101 1944 1199 2024 puta·

234 2031 309 2094 rent
339 2027 489 2093 iuvenem
516 2049 613 2113 posse
640 2026 820 2092 emendari:
852 2029 880 2092 si
908 2029 1075 2092 simularet
1102 2032 1199 2112 pater

235 2117 339 2182 amari
368 2139 388 2182 a
417 2138 451 2181 se
473 2116 678 2182 meretricem
702 2119 735 2180 et
758 2115 851 2180 daret
872 2117 1043 2200 pecuniam
1066 2117 1199 2200 potissi·

183 2219 218 2270 ac
236 2227 325 2271 mum
352 2206 416 2290 ipsi
446 2205 516 2270 filio
548 2205 590 2270 ad
621 2203 855 2289 redimendam3
882 2204 968 2290 quod
996 2206 1025 2270 si
1056 2205 1198 2289 fecisset,

234 2295 394 2378 futurum,
425 2297 462 2358 ut
493 2293 647 2358 meretrix
682 2292 851 2376 redempta
887 2294 991 2358 altera
1019 2295 1200 2377 meretrice,

236 2383 352 2448 deinde
375 2383 417 2448 ab
440 2383 514 2465 ipso
538 2381 742 2446 adulescente
765 2381 945 2466 redempta,
971 2381 1199 2465 indignaretur

238 2559 315 2625 dum
334 2565 392 2641 est,
412 2558 508 2642 culpa
526 2557 705 2622 meretricis
724 2557 873 2621 iuvenem
896 2558 1055 2622 haesisse:
1079 2562 1112 2622 et
1126 2558 1201 2623 ideo

183 2661 218 2712 25
238 2649 433 2732 quaesitam,
466 2668 547 2730 quae
579 2650 745 2725 avocaret,
778 2649 811 2708 et
843 2646 901 2710 illa
932 2647 1059 2710 ratione
1089 2645 1203 2710 datam

236 2737 346 2800 iuveni
375 2735 555 2819 pecuniam.
600 2739 634 2799 at
656 2734 752 2797 illum
774 2733 923 2817 protinus
954 2735 1134 2799 cucurrisse
1153 2734 1203 2798 ad

237 2824 438 2888 meretricem
472 2843 578 2887 suam:
611 2828 736 2906 patrem
769 2826 894 2905 autem,
923 2823 1077 2906 quoniam
1105 2823 1200 2887 nullo

237 2911 334 2978 modo
357 2933 473 2976 sanare
494 2911 600 2974 filium
621 2911 777 2994 potuerit,
805 2909 847 2974 ad
869 2911 1018 2976 ultimam
1039 2911 1202 2976 ultionem

1331 1801 1332 1850 l

1331 1863 1332 1938 l

1331 2367 1332 2430 l

236 2475 270 2536 et
291 2472 384 2536 illum
408 2492 517 2536 amare
541 2469 711 2534 desineret
742 2491 819 2533 nam
842 2471 937 2536 initio
958 2470 1072 2534 statim
1091 2470 1201 2534 dicen·

237 3000 424 3086 condirgere
439 2999 589 3064 abdicare
604 2998 716 3082 filium,
732 2999 809 3082 quia
823 2998 995 3063 emendare
1008 3020 1075 3064 non
1088 3001 1203 3083 possit.
1331 3059 1332 3152 1

319 3194 389 3246 5-6
407 3191 488 3262 pstor
506 3207 531 3246 a.
550 3190 569 3244 i.
589 3207 612 3246 e.
631 3208 653 3244 r.
668 3208 699 3316 ἓ.
718 3189 779 3260 ipse
796 3193 882 3244 omli
904 3190 914 3259 l
937 3194 953 3242 9
971 3187 1145 3244 matrimonii
1162 3189 1211 3260 ΒΗ

245 3266 280 3315 18
303 3261 487 3316 verecundiae
504 3265 562 3330 AB,
581 3277 649 3316 corr.
690 3261 752 3330 etl
775 3257 1053 3314 15-1cluxu1iaes
1074 3259 1085 3328 fl
1109 3265 1141 3314 17
1161 3277 1210 3314 ra·

243 3331 320 3385 tione
339 3336 361 3385 B
383 3334 393 3400 ΙΙ
417 3335 449 3384 18
467 3335 600 3401 patres!
622 3333 633 3400 t
655 3337 760 3386 19-20
777 3328 924 3400 potissime
942 3331 1034 3398 Bss28
1053 3329 1209 3402 ultionem]

243 3399 308 3465 fort.
323 3401 339 3434 *
352 3401 490 3456 rationem
502 3404 513 3472 Ι
526 3409 560 3456 29
579 3404 673 3472 potest
690 3405 746 3468 ΑΒ,
766 3417 834 3456 corr.
853 3401 897 3456 Ro
914 3406 941 3456 et
957 3399 998 3455 Ri
