2670 3962
411 144 728 204 DECLAMATIONES.
758 146 871 202 CCCIX.
1052 148 1118 214 215

561 359 711 430 OGGIX.

458 485 596 570 Raptor
617 485 813 554 convictus.
1136 484 1153 536 ὕ

154 631 284 696 Educta
317 629 358 695 ad
390 630 617 715 magistratum
649 630 878 715 adulescentie,
911 652 1017 716 aquo
1047 652 1117 698 esse

245 717 362 785 vitiata
385 717 560 798 dicebatur,
583 720 714 802 nuptias
738 719 874 803 optavit.
906 719 960 786 ille
983 719 1117 806 negavit

245 829 280 872 se
303 807 460 892 rapuisse.
492 807 609 873 iudicio
628 807 804 874 contendit
837 806 939 874 victua
959 811 1017 874 est.
1049 830 1117 876 non

243 899 372 962 recusat
395 895 520 964 ducere.
555 895 614 962 illa
637 901 751 980 optare
774 895 853 962 vult.

551 1070 724 1139 SERMO.

221 1194 319 1261 Actio
343 1195 475 1261 debebit
491 1196 587 1261 huius
607 1196 824 1261 adulescentis
843 1216 914 1260 esse
934 1196 1115 1262 summissa.

153 1306 232 1351 narn
254 1285 384 1350 etiarnsi
406 1284 494 1350 nullo
517 1284 661 1349 themate
685 1285 725 1350 ad
748 1284 779 1348 id
805 1284 972 1369 alligatur,
1001 1288 1038 1349 ut
1059 1307 1116 1350 ne·

153 1395 244 1440 cesse
267 1373 312 1439 sit
335 1395 407 1438 eum
430 1377 594 1457 raptorem
617 1373 730 1456 videri,
752 1373 801 1437 rei
822 1376 932 1439 tamen
954 1372 1114 1438 iudicatae
1136 1387 1171 1436 10

154 1462 259 1528 facere
288 1462 542 1528 controversiam
570 1483 637 1527 non
664 1465 786 1547 potest:
819 1465 853 1527 et
876 1461 1005 1526 videtur
1035 1461 1115 1526 mihi

152 1552 241 1617 hunc
266 1550 399 1616 modum
426 1549 587 1616 custodire
615 1549 743 1632 debere,
780 1557 817 1615 ut
844 1549 884 1614 de
911 1553 1010 1635 raptu
1033 1549 1116 1614 nihil

153 1643 266 1726 neget,
289 1639 373 1706 nihil
395 1642 506 1704 tamur
530 1639 620 1705 aciat.

474 1813 812 1882 DECLAMA‘PIO.

220 1939 297 2006 Non
320 1940 417 2024 aliud,
439 1939 570 2024 iudices,
594 1943 651 2005 aut
674 1961 789 2005 causae
811 1959 902 2006 meae
927 1940 1034 2023 aptius
1060 1943 1169 2004 aut1c

153 2029 363 2096 verecundiae
382 2030 600 2095 necessarium
619 2029 724 2115 magis
745 2031 803 2112 est,
826 2049 922 2116 quam
937 2031 974 2092 ut
987 2029 1116 2114 puellae

154 2117 348 2184 mitissimae
382 2118 714 2202 clementissimaeque
742 2117 867 2202 gratias
896 2137 1007 2203 agam:
1043 2116 1115 2202 lege

153 2206 363 2292 permittente
391 2227 521 2273 omnem
543 2205 578 2271 in
602 2227 653 2270 me
676 2209 873 2290 potestatem
897 2208 1010 2290 optare
1033 2226 1116 2288 nup-

153 2296 220 2360 tias
244 2295 341 2361 etiam
364 2295 543 2378 festinavit,
564 2293 707 2360 nondum
733 2316 784 2359 me
803 2297 950 2380 rogante,
972 2293 1116 2359 nondum

155 2381 312 2470 (indicare
335 2385 421 2448 enim
445 2383 635 2467 simpliciter
656 2399 788 2448 necesse
812 2379 876 2470 est)
902 2381 1017 2447 saltem
1040 2402 1115 2447 con·
1135 2394 1169 2444 20

153 2473 283 2556 fitente,
305 2473 353 2538 ita
375 2471 485 2556 facile,
508 2473 555 2537 ita
578 2471 741 2554 celeriter,
764 2473 802 2535 ut
823 2470 878 2535 vix
901 2469 984 2534 mihi
1005 2470 1117 2534 verisi-

153 2561 232 2627 mile
254 2561 434 2645 videretur‚
465 2557 566 2626 illan?
580 2559 732 2624 iniuriam
756 2558 926 2643 accepisse.
962 2555 1117 2622 Proxima

155 2650 196 2715 ab
215 2649 277 2715 hac
296 2650 475 2735 gratiarum
494 2649 622 2714 actione
642 2647 738 2713 debet
756 2669 828 2713 esse
847 2643 1021 2712 confessio:
1044 2665 1116 2729 pec·

153 2759 246 2804 casse
278 2760 344 2822 me,
378 2737 463 2824 quod
496 2737 727 2820 dubitaverim,
761 2735 877 2801 fateor.
923 2733 1001 2819 quid
1028 2733 1115 2799 enim

152 2825 235 2891 mihi
263 2827 451 2911 contingere
481 2825 656 2910 optabilius
679 2827 845 2910 potuerat,
872 2824 973 2888 etiam
997 2823 1171 2888 sinonis

151 2914 359 2999 rapuissem?
401 2915 456 2980 sed
483 2915 579 2980 huius
608 2915 851 2999 qualiscumque
879 2913 993 2997 culpae
1025 2932 1116 2976 meae

152 3024 227 3087 spes
261 3004 366 3070 omnis
399 3003 435 3069 in
467 3004 575 3068 animo
609 3003 705 3068 istius
739 3007 802 3086 est,
834 3023 917 3086 quae
945 3001 1117 3085 ignoscere

154 3093 249 3158 solet.
282 3092 521 3178 quantumlibet
536 3091 783 3157 contradicendo
799 3089 990 3174 pecaverim,
1009 3086 1115 3152 minus

225 3289 241 3338 6
260 3283 312 3338 illa
329 3281 474 3358 (iterum)
492 3285 549 3353 opt.
568 3301 595 3338 v.
610 3281 675 3338 Aer.
690 3284 729 3353 lss
747 3279 829 3335 huius
849 3276 1118 3348 cm.A119all.aut

153 3371 212 3410 nec.
225 3357 250 3406 A
263 3355 272 3425 ΙΙ
288 3360 321 3409 16
340 3354 509 3410 verecundia
526 3355 570 3423 ”l
586 3360 618 3408 1⁷
637 3353 730 3423 legem
748 3355 771 3404 Δ
794 3352 803 3421 l
827 3355 860 3404 19
883 3349 1006 3405 nondum
1030 3349 1117 3405 inter-

151 3428 309 3495 rogantell
332 3427 341 3495 11
364 3431 399 3480 20
417 3425 559 3481 indicante
578 3429 618 3478 Aa
636 3427 645 3496 ss
663 3421 828 3494 suppliciter
845 3424 866 3473 B
885 3423 895 3493 {t
913 3425 947 3475 25
966 3419 1117 3490 peterat?
