2670 3962
223 129 288 196 194
587 131 817 198 QUINTILIANI

219 292 363 360 furorem
399 293 462 359 hoc
494 293 618 360 iuvenis
655 296 720 360 mei
751 295 924 380 putabam:
956 294 1075 362 fiducia
1103 298 1185 360 erat,

220 383 361 448 multum
380 386 443 468 est,
471 382 575 468 dives,
598 384 703 450 colere
725 385 862 469 templa:
890 384 964 469 plus
987 389 1099 449 tamen
1122 405 1187 448 suc

219 473 316 556 teceri,
333 471 506 537 incendere
523 471 671 538 hostium
687 473 821 557 templa
849 495 906 540 cur
924 473 1022 556 enim,
1041 472 1070 537 si
1090 472 1182 558 quid·

221 581 320 645 quam
338 565 397 626 tna
413 564 492 626 vota
505 561 689 647 proficiunt,
712 562 811 628 cliens
825 565 901 628 tuus
916 560 1080 626 deseruit?
1098 560 1182 626 mihi

184 647 356 714 edebatur
383 650 564 733 praemium
592 651 677 736 quod
700 651 834 735 petiero.
875 671 1010 735 possum
1033 653 1068 714 et
1088 653 1184 715 tuem

220 740 369 822 mortem,
391 759 525 822 possum
547 739 609 804 tibi
633 737 760 805 auferre
784 739 1009 805 sacerdotium

645 965 769 1035 GGOV.

227 1165 235 1178 ⁸
287 1089 425 1157 Exulcs
448 1109 470 1156 a
492 1089 604 1156 divite
627 1106 786 1175 pugnare
808 1089 907 1156 inter
930 1107 968 1157 se
986 1089 1113 1158 coacti.

217 1213 371 1281 Exmnu
393 1231 503 1280 muna
524 1230 627 1280 arruns
648 1229 913 1280 nurannnrsurr
935 1230 1065 1279 arcura
1084 1230 1181 1281 occl-

165 1318 200 1367 10
307 1321 409 1369 naas.
461 1301 551 1369 Duos
581 1324 740 1387 pauperes
775 1303 880 1387 dives,
911 1302 1061 1368 inimicos
1094 1324 1181 1388 suos,

309 1391 515 1476 inprudentia
549 1391 656 1456 caedis
684 1391 898 1477 quinquennii
925 1391 1022 1456 exilio
1050 1391 1180 1457 damna·

305 1484 367 1565 tos,
390 1481 478 1546 intra
500 1480 579 1546 fines
604 1479 838 1564 deprehensos,
861 1479 1014 1545 dimicare
1036 1481 1122 1546 inter
1145 1503 1180 1546 se

306 1569 391 1635 datis
407 1568 528 1656 gladiis
547 1568 663 1653 coegit.
688 1568 882 1634 commortui
902 1571 986 1632 sunt
1010 1573 1182 1634 accusatur

307 1657 422 1723 iniusti
444 1657 606 1742 supplicii.

165 1864 200 1914 15
539 1847 873 1916 DECLAMA'PIO.

284 1973 360 2040 Nisi
377 1973 561 2059 praecipua,
582 1972 715 2058 iudices,
738 1973 942 2058 inpotentiae
961 1974 1113 2060 voluptas
1133 1975 1181 2040 di-

216 2062 341 2130 vitibus
364 2063 537 2144 videretur,
559 2063 597 2126 ut
620 2061 796 2128 sceleribus
821 2063 888 2128 suia
914 2063 1013 2128 etiam
1036 2063 1178 2147 glorien-

215 2156 283 2218 tur:
310 2151 418 2217 fuerat
443 2150 531 2215 tanti
553 2149 811 2216 miserrimorum
834 2151 956 2217 civium
977 2151 1084 2235 perire
1106 2152 1178 2216 vin·

216 2241 351 2325 dictam,
379 2237 536 2323 siposeit
557 2240 679 2323 tacere,
705 2239 761 2324 qui
783 2239 870 2306 fecit
912 2237 993 2305 haec
1018 2239 1104 2304 enirn
1128 2243 1179 2306 cst

163 2343 198 2394 20
217 2329 324 2396 exacti
346 2325 460 2392 iniusti
484 2326 635 2409 supplicii
658 2327 833 2394 manifeste
855 2327 990 2412 iniuria,
1017 2329 1103 2413 quod
1126 2350 1179 2393 ex-

217 2416 389 2503 cogitavit,
412 2413 575 2500 quomodo
599 2415 641 2480 ab
664 2415 805 2483 inimicis
827 2437 917 2482 mors
940 2417 1123 2500 exigeretur
1145 2419 1179 2482 et

216 2506 299 2592 ipsis
321 2504 536 2587 inputaretur.

282 2591 441 2658 Homines
469 2591 659 2658 innocentes
686 2614 760 2658 cunr
783 2593 1015 2658 damnarentur
1037 2611 1175 2676 quoqne,

215 2680 353 2748 infestos
379 2678 466 2745 inter
494 2702 529 2745 ee
552 2701 742 2747 concurrere
765 2679 886 2763 cotgit;
914 2700 994 2762 ques
1018 2679 1118 2743 etiam
1140 2679 1177 2743 in

163 2784 199 2834 aa
218 2768 405 2836 calamitate
432 2767 567 2835 fortuna
595 2769 818 2850 coniunxerat,
851 2765 947 2832 iussit
974 2770 1013 2831 ut
1038 2766 1177 2833 invicem

217 2879 252 2923 se
276 2856 459 2923 occiderent
477 2854 578 2943 (quod
596 2856 826 2942 gravissimum
844 2855 911 2920 illis
927 2852 1007 2943 fuit)
1027 2855 1177 2924 scientes.

287 3054 301 3102 1
319 3049 394 3106 hunc
411 3049 456 3106 Rc
469 3049 479 3119 1
493 3053 561 3104 2-3
582 3045 717 3102 sustinere
735 3050 794 3118 n,
812 3063 882 3104 corr.
896 3047 957 3115 Ra·
974 3065 1002 3118 p.
1020 3049 1042 3102 t,
1060 3045 1116 3120 <ea
1135 3049 1179 3104 ccl

213 3120 311 3176 nostra
350 3120 497 3188 sustinere,
514 3117 579 3188 plus
597 3116 652 3172 inc.
671 3115 725 3174 aa
738 3118 778 3187 llt
796 3117 906 3189 petiero
925 3123 949 3172 Δ
960 3120 1002 3188 18
1019 3117 1115 3174 adiuta
1132 3119 1179 3190 311

215 3189 275 3246 12·
356 3192 410 3260 31
443 3195 476 3244 13
495 3205 559 3244 cum
576 3187 682 3244 mortui
699 3192 791 3260 3116
810 3189 877 3261 nisi]
898 3207 962 3244 cum
982 3187 1025 3246 Gr
1046 3191 1057 3259 1
1079 3189 1177 3245 volun·

212 3265 295 3318 tarn
319 3261 328 3334 11
352 3268 385 3318 18
403 3260 515 3316 inerant
532 3263 572 3312 Ab
591 3261 647 3329 d²1
672 3263 702 3316 et
719 3264 807 3316 ora!
830 3262 841 3330 1
863 3266 897 3317 28
921 3261 1088 3318 damnarent
1109 3259 1178 3331 qnia

213 3349 325 3459 auoque
343 3337 391 3399 Δι,
411 3331 593 3386 damnaretur
610 3335 760 3402 quoqne!
783 3332 792 3401 11
814 3337 850 3387 24
869 3330 1015 3388 ccnfcsfim
1029 3335 1086 3400 n,
1105 3347 1175 3388 corr.

268 3405 279 3472 1
292 3402 370 3473 cogit
387 3405 464 3454 B-l’
477 3403 487 3472 11
500 3407 535 3457 tt
549 3403 725 3458 calamitates
742 3405 763 3454 B
