2670 3962
411 174 725 233 DECLAMATIONES.
745 177 857 235 uucvl.
1038 178 1102 243 199

146 340 378 407 concurrerunt
403 339 560 405 lateribus
583 339 689 406 nudis.
735 340 845 407 omnia
872 343 909 405 tu
933 341 1010 407 licet
1033 361 1104 407 cru-

143 428 262 602 pplliltler
286 427 528 514 excogitaveris,
550 428 698 495 fecerunt
721 433 832 495 tamen
856 429 978 495 bonum
997 451 1104 496 exem·

539 638 684 708 cuuvl.

189 764 402 850 Expositus,
426 763 573 846 negatae
595 765 726 832 matris
749 764 894 850 nuptias
917 764 1051 848 petens.
1123 781 1139 832 a

144 887 284 955 Maritus
315 910 451 976 peregre
482 889 690 974 proficiscens
727 889 892 975 praecepit
924 891 1031 975 uxori,
1067 893 1105 956 ut

233 982 363 1063 partum
387 981 569 1062 exponeret
603 978 766 1065 expositus
787 981 837 1045 est
854 1001 942 1064 puer.
966 978 1103 1045 maritus

233 1087 369 1152 peregre
401 1087 500 1133 uxore
527 1067 645 1133 herede
674 1067 819 1134 decessit.
870 1071 947 1153 post
974 1071 1103 1152 tempus

235 1155 366 1240 quidam
391 1155 588 1240 adulescens,
611 1156 701 1222 cuius
725 1160 815 1222 aetas
839 1178 911 1222 cum
930 1156 1103 1242 expositio·

233 1244 285 1309 nis
301 1247 448 1328 tempore
467 1244 676 1330 congruebat,
696 1245 804 1330 coepit
822 1244 927 1312 dicere
947 1267 982 1311 se
999 1246 1103 1310 filium
1124 1261 1159 1312 10
1293 1237 1295 1243 ’

234 1336 266 1398 et
293 1332 381 1397 bona
414 1333 477 1398 sibi
510 1333 683 1398 vindicare.
738 1334 823 1398 inter
855 1355 964 1399 moras
992 1333 1103 1399 iudicii

233 1421 319 1487 bello
339 1420 424 1486 idam
443 1421 631 1487 adulescens
649 1421 779 1489 fortiter
796 1420 884 1487 fecit.
912 1421 997 1506 petit
1015 1444 1105 1505 prae·
1183 1503 1187 1512 ι

233 1509 300 1575 mio
322 1510 455 1595 nuptias
480 1511 562 1594 eius,
590 1532 689 1597 quam
717 1513 856 1576 matrem
879 1510 1015 1595 dicebat,
1038 1532 1105 1575 ma·

234 1601 332 1663 nente
355 1598 465 1683 priore
486 1598 614 1665 iudicio.
638 1597 672 1665 O.
690 1597 730 1664 D.

455 1773 791 1842 DECLAMATIO.
1124 1789 1158 1840 rs

140 1967 142 1974 ,
210 1898 287 1966 Non
318 1901 367 1966 ita
399 1921 451 1964 me
482 1900 590 1984 prima
619 1901 712 1967 frons
744 1920 860 1966 causae
894 1898 1106 1966 callidissima

144 1988 289 2074 optionis
317 1987 525 2054 simulatione
549 1988 684 2075 decipit,
710 1993 747 2054 ut
770 1988 885 2054 mulier
907 1989 971 2055 ista
994 1987 1106 2055 matri-

143 2077 254 2144 monio
285 2077 437 2161 c[r]edat,
468 2077 553 2163 quod
580 2077 677 2144 hodie
704 2099 798 2143 nemo
821 2080 961 2161 peteret,
990 2078 1017 2142 si
1040 2098 1106 2142 non

144 2169 361 2232 recusaretur:
395 2165 477 2230 illud
509 2166 615 2250 magis
648 2187 775 2251 vereor,
805 2187 846 2231 na
878 2166 1016 2249 iuvenis,
1050 2165 1106 2250 qui

147 2255 216 2319 eius
253 2273 349 2339 quam
386 2257 524 2320 matrem
562 2275 632 2321 esse
670 2254 798 2320 dicebat
834 2253 966 2339 nuptias
1003 2256 1105 2337 optat,
1125 2269 1160 2320 ao

146 2342 296 2408 videatur
312 2342 396 2408 velle
415 2341 586 2409 adrerum
605 2343 783 2427 pervenire,
802 2363 837 2408 ao
855 2363 913 2408 vos
933 2341 1107 2408 latentium

143 2430 304 2500 natalium
324 2431 463 2498 credatis
484 2430 748 2515 experimentum,
773 2430 858 2516 quod
876 2429 1001 2515 mulier,
1024 2451 1106 2515 quae

143 2522 221 2606 post
249 2519 406 2586 amissum
434 2520 588 2589 maritum
616 2541 674 2603 per
700 2523 753 2584 tot
776 2539 891 2602 annos,
921 2519 976 2602 qui
999 2517 1106 2583 facere

143 2610 298 2693 poterant
330 2608 372 2673 ab
404 2607 544 2674 infantia
571 2607 678 2674 virum
700 2606 835 2686 fortem,
867 2606 914 2671 sic
936 2606 1106 2690 complexa

144 2700 194 2763 est
227 2695 420 2762 viduitatem
452 2700 621 2782 tamquam
659 2715 762 2782 genus
794 2693 983 2780 pudicitiae,
1021 2693 1107 2760 hunc
1126 2707 1161 2759 25

143 2785 278 2872 iungere
310 2784 375 2850 sibi
405 2805 522 2851 venere
551 2806 623 2851 sera
651 2789 684 2851 et
711 2783 857 2868 polluere
885 2782 1106 2868 complexibus

142 2895 210 2940 non
236 2873 309 2938 vult
334 2873 396 2939 filii
423 2873 488 2957 sui,
518 2874 547 2938 si
572 2874 721 2958 vixisset,
749 2876 900 2939 aetatem.
945 2871 1107 2938 Intelleo

142 2963 267 3046 itaque,
294 2983 360 3027 non
388 2965 458 3027 tam
481 2961 586 3027 multa
609 2963 690 3029 mihi
718 2965 833 3028 contra
853 2961 1038 3046 praemium
1061 2891 1107 3024 gi-

143 3051 254 3136 cenda,
287 3072 386 3135 quam
409 3054 522 3116 contra
545 3054 784 3137 argumentum:
814 3050 861 3115 sic
884 3047 1107 3133 componenda

143 3138 230 3205 actio
259 3142 322 3223 est,
349 3142 517 3224 tamquam
544 3160 604 3206 nos
635 3139 768 3204 audiant
790 3137 911 3205 iudices
935 3136 995 3201 illi.
1040 3156 1107 3201 non
1126 3151 1163 3202 30

216 3318 230 3366 1
251 3311 358 3384 omnia]
378 3313 464 3368 ard?
486 3313 495 3382 ll
518 3313 550 3368 tu
568 3327 618 3368 om.
637 3315 658 3365 B
680 3313 689 3382 Η
713 3315 729 3366 5
748 3312 869 3380 negante
888 3311 952 3380 ΔιΙΙ
968 3314 1000 3364 18
1020 3309 1109 3366 credit

143 3386 192 3452 Δι,
212 3383 309 3438 credat
327 3386 403 3450 m,
421 3401 489 3440 corr.
512 3383 575 3440 Otr.
594 3384 604 3454 ΙῙ
622 3382 679 3438 illis
698 3386 721 3435 Δ
743 3383 753 3451 ll
775 3388 809 3435 21
829 3381 866 3436 ad
883 3386 919 3450 Δ,
938 3383 969 3436 at
986 3383 1020 3449 B,
1040 3396 1109 3436 corr.

144 3455 201 3508 Aer
215 3454 224 3524 l
238 3460 273 3511 2⁷
283 3455 428 3524 aequalem
438 3455 482 3511 Ro
496 3457 505 3526 ll
519 3453 742 3510 radicandam
756 3453 765 3522 ΙΙ
780 3458 814 3508 30
825 3451 874 3507 alii
883 3454 949 3522 Aer,
959 3453 1007 3520 css.
1018 3455 1109 3518 204,3
