2670 3962
380 187 700 245 DECLAMATIONES.
720 189 819 246 CCXC.
1017 193 1082 258 159

118 371 197 437 gens
214 351 298 416 mihi
312 352 353 417 ab
369 354 476 417 aetate
490 351 596 436 prima
609 351 708 417 luerit
721 357 826 439 pater,
844 353 931 438 quod
943 353 1083 420 fortasse

118 441 217 506 etiam
242 440 424 525 corruperit
441 461 549 506 mores
568 462 674 524 meos,
693 462 755 507 nec
777 441 873 506 illud:
898 464 988 508 error
1005 443 1082 509 adu-

115 529 302 614 lescentiae,
319 529 398 595 hoec
417 528 535 595 aetatis
554 533 681 595 natura.
708 531 911 596 luxuriosum
928 533 1083 617 putat<e>

116 619 234 684 firisse:
249 639 310 704 ego
320 621 433 684 tamen
446 618 696 702 insanus<non>
705 641 804 704 eram,
819 623 852 686 et
862 619 1082 686 defendendus

117 707 257 794 quidem,
281 707 310 773 si
333 705 610 774 contradixissem.
648 708 704 773 sed
728 713 1009 794 perseveraturum
1027 725 1118 794 pao

116 802 201 862 trem
219 796 386 882 negabant
402 796 592 882 propinqui:
612 797 658 862 sic
671 796 795 863 factum
810 799 868 880 est,
886 802 923 863 ut
937 797 1083 868 dolorem

119 885 250 952 silentio
278 906 472 970 premerem,
500 886 555 970 qui
583 885 691 951 clusus
720 889 817 970 atque
844 885 932 952 intra
959 887 1082 972 cogita·

117 975 226 1041 tiones
262 977 411 1059 receptus
440 971 578 1040 abstulit
604 978 755 1040 mentem.
801 979 943 1041 ceterum
971 981 1082 1042 tamen

119 1062 163 1148 (si
185 1071 300 1128 verum
323 1063 461 1130 velimus
483 1061 587 1150 loqui)
612 1063 791 1146 tmutus†
814 1064 887 1130 fuit.
925 1082 1005 1150 quas
1027 1064 1081 1130 hic

116 1151 1081 1308 tl.Ptltultsstsstl...tltbtttltlt‘
1102 1171 1135 1220 ¹⁰

117 1334 172 1395 tus
190 1293 273 1395 bum.
305 1351 398 1394 sacra
416 1291 592 1415 maiolum,
611 1329 688 1395 deos
710 1332 843 1414 penates
857 1349 924 1395 non
938 1331 1080 1396 sentiens

116 1418 222 1484 tenui:
235 1440 331 1485 nemo
342 1419 449 1503 (non)
460 1417 644 1504 gratulatus
658 1420 708 1484 ast
722 1417 912 1484 amicorum:
929 1439 1014 1483 nunc
1029 1440 1082 1484 ex·

116 1507 224 1593 pellor
241 1507 445 1593 resipiscens.
473 1507 595 1592 felices,
614 1507 670 1591 qui
684 1508 823 1590 possunt
837 1507 925 1571 omni
939 1505 1009 1571 vita
1023 1529 1083 1572 sua

116 1596 308 1681 parantibus
332 1597 454 1662 dicere:
477 1594 578 1681 »quid
599 1595 705 1662 fecit<
729 1595 834 1661 dicam
856 1599 981 1662 tamen:
1005 1594 1083 1680 quid
1102 1612 1135 1661 15
1182 1649 1185 1656 .

117 1689 235 1770 postea
253 1683 336 1752 feci?
361 1685 389 1750 si
402 1685 531 1750 luxuria
544 1685 750 1751 intolerabile
765 1684 897 1770 malum,
915 1684 1081 1772 ignovisti.

186 1771 288 1861 „Ega
311 1772 426 1859 inquit,
449 1777 491 1859 te,
515 1774 670 1859 quoniam
689 1773 819 1839 demens
839 1795 922 1859 crac,
941 1773 1082 1840 reduxi.“

119 1863 176 1929 ubi
204 1863 301 1948 estis,¹
330 1863 386 1948 qui
414 1885 465 1928 me
492 1862 659 1947 putabatis
694 1861 879 1927 infelicem?
918 1883 977 1948 ego
1004 1883 1081 1927 vero

120 1951 302 2017 dementiae
331 1951 456 2036 gratias
485 1971 562 2037 ago:
588 1971 656 2016 non
678 1951 807 2036 quidem
831 1947 1081 2016 sollicitudinem

117 2041 223 2125 patris
247 2041 343 2126 sensi,
367 2039 424 2106 sed
444 2061 505 2106 neo
528 2039 774 2106 abdicationem.
811 2039 889 2125 quid
908 2039 989 2105 mihi
1008 2061 1081 2104 cum
1100 2055 1135 2104 co

118 2135 187 2195 tam
210 2127 315 2195 veloci
333 2128 501 2195 remedio?
523 2132 617 2214 pater
636 2129 766 2213 optime,
788 2127 889 2193 fallax
903 2127 968 2193 ista
986 2128 1082 2193 velox

120 2218 290 2284 medicina.
322 2237 383 2302 ego
408 2219 483 2303 scio,
506 2239 586 2303 quos
612 2217 712 2282 animi
735 2221 844 2282 aestus
862 2217 950 2281 intus
969 2213 1082 2280 feram.

119 2307 224 2390 crede,
232 2311 331 2392 pater,
345 2307 412 2372 iam
428 2305 555 2391 aliquas
564 2301 783 2390 <dis>similes
798 2327 906 2371 rerum
920 2305 1081 2390 imagines

118 2395 224 2461 video.
276 2393 360 2460 redit
392 2394 493 2480 igitur
525 2394 704 2460 dementiae
732 2395 822 2478 prior
845 2415 950 2460 causa.
983 2415 1082 2478 quare

118 2484 212 2568 mibi,
231 2483 258 2548 si
277 2505 343 2549 non
362 2483 402 2549 ad
420 2504 574 2569 praesens
592 2486 732 2568 tempus,
750 2482 791 2547 ad
810 2482 954 2548 futurum
971 2484 1081 2546 tamen
1100 2498 1135 2547 25

118 2573 285 2660 rogandus
308 2595 352 2637 es.
388 2593 547 2654 succurre,
570 2571 626 2657 qui
649 2570 742 2636 soles.
802 2648 805 2660 y

191 2771 206 2819 2
226 2765 374 2834 corriperit
386 2769 426 2817 Ab
449 2764 458 2834 ΙΙ
481 2769 497 2818 3
511 2781 564 2819 nec
577 2768 636 2832 Aa,
656 2778 725 2819 corr.
740 2761 784 2818 Rc
797 2763 808 2832 ΙΙ
834 2759 974 2846 putat<c)
983 2761 1028 2818 Ro
1041 2764 1082 2832 24

118 2835 219 2914 (non)
235 2835 304 2902 Solu
323 2835 461 2910 [in]sanns
476 2835 532 2902 Gn
550 2835 596 2891 ced
613 2836 729 2903 fortasse
746 2839 855 2890 cucata
873 2833 996 2889 codicum
1013 2834 1081 2890 acri-

114 2917 207 2981 ptura
225 2907 380 2978 legendum:
397 2907 486 2961 luxur.
501 2908 584 2976 putat
597 2907 696 2960 fuisse:
716 2921 769 2976 ego
788 2907 856 2960 tam.
873 2903 986 2959 insanus
1005 2919 1082 2959 eram

119 2985 167 3037 etc.
187 2982 196 3062 [l
215 2985 231 3033 ⁷
250 2993 376 3048 premere
393 2982 414 3030 B
437 2981 447 3046 l
469 2977 642 3047 cogitatione
660 2981 691 3044 A,
710 2974 950 3046 cogitationem
973 2977 982 3044 [Ι
1005 2979 1021 3029 8
1040 2990 1082 3029 re·

119 3054 211 3122 ceptis
229 3051 293 3121 Aen
311 3048 445 3104 abstuleit
462 3053 485 3101 A
508 3051 518 3118 u
541 3055 556 3103 9
575 3050 656 3102 mutu
673 3052 727 3116 Aa,
756 3049 849 3102 motus
867 3051 902 3115 a,
929 3045 1006 3100 mitis
1023 3045 1083 3110 Ro;

118 3127 279 3192 expectatur
305 3119 412 3174 *saluti
438 3121 479 3174 cel
506 3121 668 3188 exoptatum
695 3117 750 3172 suit
776 3119 818 3172 oct
840 3119 923 3172 etiam
944 3118 1083 3171 nontam

119 3193 206 3249 miser
223 3191 287 3261 fail
307 3197 340 3246 10
360 3190 494 3246 sancitam
512 3195 535 3243 A
555 3193 565 3259 n
586 3196 618 3243 11
639 3188 749 3242 adibuit
765 3192 813 3240 Aa
826 3187 836 3255 ΙΙ
850 3193 883 3241 13
901 3185 999 3269 <n0n>
1017 3185 1062 3240 Fr

121 3271 154 3320 1‘1
173 3261 311 3319 reduxisti
328 3264 392 3332 Aul
407 3267 439 3318 17
458 3261 577 3331 patiaris
594 3265 672 3312 B-l'
685 3259 695 3329 ll
709 3263 742 3313 21
760 3260 793 3313 ta
805 3263 829 3310 A
843 3259 852 3328 ΙΙ
865 3258 958 3312 falhta
975 3258 1069 3311 rstalt

119 3343 155 3391 23
176 3335 237 3390 sim.
256 3351 350 3388 rorum
369 3332 453 3402 imag.
472 3337 508 3402 A,
537 3333 596 3387 sim.
617 3331 701 3402 imag.
721 3333 755 3398 B,
775 3344 843 3386 corr.
863 3328 920 3395 Ro,
938 3329 987 3398 qui
1000 3343 1083 3398 prue-

118 3415 195 3463 terea
219 3406 334 3461 coniecit
357 3403 463 3459 similes
481 3402 605 3473 priorum
623 3403 709 3473 imag.
732 3403 742 3470 ΙΙ
765 3406 800 3454 24
818 3399 926 3455 reditur
944 3401 1016 3454 dam.
1035 3403 1083 3466 Aa,

118 3478 195 3534 redit
212 3477 316 3532 iterum
335 3474 406 3531 dem.
427 3475 480 3530 sea
492 3476 502 3545 ΙΙ
516 3481 549 3530 26
569 3490 623 3544 que
640 3479 681 3527 Aa
