2670 3962
380 109 699 203 neonmmrronns
719 146 860 204 cccxrv.
1041 147 1107 214 235

140 312 261 379 falsum
290 332 361 376 esse
392 308 433 375 ad
461 312 538 376 vota
565 309 763 394 pertinebat,
798 309 960 376 diversam
991 311 1108 377 habuit

140 400 366 488 pronuntiatio
392 397 466 464 cim.
512 398 674 464 obiectum
706 403 755 464 est
786 400 882 465 alicui
908 399 1107 486 mortalium,

141 489 229 577 quod
251 492 380 574 patrem
402 486 586 572 occidisset3
618 486 705 573 quod
727 509 810 572 cum,
840 489 892 554 oui
914 490 1032 573 lucem,
1056 491 1108 554 cui

140 580 223 645 haec
253 577 410 643 beneficia
444 597 553 642 rerum
584 579 721 642 naturae
744 576 895 661 debebat,
929 599 989 643 sua
1010 599 1108 644 manu

140 667 349 734 trucidasset:
375 669 409 730 ct
430 665 493 731 hcc
511 687 588 749 pars
607 664 749 731 iudicum
767 664 925 732 credidit?
949 686 1010 752 ego
1029 688 1106 732 vero
1126 681 1142 732 e

141 757 220 822 illos
248 759 281 821 et
307 755 413 841 probo
437 759 472 820 ct
488 754 602 836 miror,
630 753 685 838 qui
708 754 930 821 absolverunt:
958 776 1036 841 pars
1059 759 1107 821 te-

142 866 220 910 men
242 844 385 910 iudicum
407 843 641 927 pronuntiavit,
662 842 787 909 factum
808 864 879 909 esec
897 843 1108 928 parricidium

144 937 237 1019 [pars
256 931 446 998 incredibile
461 933 555 1013 esse]⁸
578 931 639 997 hos
658 933 770 1017 movit,
795 931 881 1018 quod
898 933 1033 1018 probari
1051 955 1106 1018 po·

140 1026 242 1108 terat,
268 1022 359 1106 illos,
388 1021 474 1106 quod
501 1019 624 1106 negari.
669 1041 745 1086 reus
773 1042 851 1108 crgo
884 1026 1050 1106 suspectus
1074 1026 1108 1088 et

140 1113 176 1178 in
199 1113 421 1196 campartem
444 1110 553 1194 potius
577 1109 796 1194 accipiendus,
818 1115 857 1176 ut
878 1109 1001 1178 feccrit.
1127 1127 1160 1177 lo

210 1200 295 1278 Quid
318 1199 487 1284 superest?
510 1219 591 1283 „per
613 1198 811 1265 dementiam
833 1201 1000 1266 confessus
1024 1198 1106 1266 cst“.

139 1289 281 1358 etmihi
302 1310 362 1374 pro
385 1309 483 1354 causa
505 1309 579 1353 mea
602 1309 764 1354 summum
785 1287 912 1353 videtur
935 1309 1107 1374 argumen-

140 1383 213 1444 tum
239 1379 312 1463 ipsa
338 1375 516 1460 dementia,
543 1376 644 1442 etiam
673 1377 701 1441 si
728 1376 896 1444 confessus
923 1399 990 1444 non
1012 1381 1107 1444 esset.

140 1489 210 1534 non
232 1467 301 1532 sine
325 1487 422 1532 causa
445 1464 597 1531 videlicet
617 1468 711 1530 retus
735 1465 794 1530 illa
813 1469 845 1530 et
864 1467 997 1552 antiqua
1017 1469 1106 1531 aetas

140 1556 276 1622 tradidit
300 1577 369 1639 eos,
393 1556 456 1640 qui.
471 1554 603 1640 aliquod
626 1554 846 1620 commiserint
869 1556 987 1639 scelus,
1010 1554 1105 1620 furiis
1126 1569 1159 1620 15

141 1645 259 1732 agitari
283 1649 315 1711 ct
337 1666 395 1728 per
415 1647 523 1709 totum
542 1643 653 1709 orbem
673 1644 737 1728 agi.
760 1647 798 1708 ut
815 1645 950 1710 nomina
968 1645 1107 1709 mentita

141 1736 223 1818 sint,
255 1737 293 1799 ut
320 1732 443 1819 aliquid
469 1732 600 1798 fabulae
622 1733 763 1818 fingant:
797 1733 838 1798 ab
862 1733 973 1818 aliquo
996 1736 1107 1798 tamen

6 1877 7 1884 ,
142 1823 289 1908 exemplo
318 1823 383 1888 ista
411 1822 487 1906 (et)
516 1821 737 1906 experimento
766 1826 934 1889 venerunt
982 1822 1107 1887 factum

141 1933 213 1978 esse
235 1911 358 1996 aliquid
380 1932 512 1990 neccsse
536 1913 594 1994 cst,
616 1914 654 1976 ut
675 1911 738 1976 hoc
761 1910 1107 1996 credibilevideretur,

141 2002 210 2067 sivo
233 2001 321 2067 istud
340 1999 385 2065 dii
402 2001 607 2083 inmortales,
625 2001 681 2084 qui
699 2021 766 2066 non
783 1999 911 2066 iudiciis
929 2000 1015 2085 falli,
1038 2022 1106 2066 non
1126 2014 1160 2066 20

141 2089 250 2176 gratia
271 2089 508 2174 circumveniri,
529 2111 596 2154 non
619 2089 806 2173 ignorantia
829 2088 935 2174 decipi
958 2092 1106 2174 possunt,

142 2179 389 2244 constituenmt.
434 2197 497 2263 ego
524 2199 600 2243 vero
629 2179 777 2263 gratulor
804 2177 1006 2244 mortalitati.
1053 2198 1105 2243 co·

140 2268 211 2346 lite,
232 2266 391 2352 homines,
414 2267 637 2333 innocentiam
661 2270 693 2332 et
715 2266 841 2346 nullam
865 2289 955 2351 spem
978 2266 1106 2352 inpuni-

141 2356 223 2422 tatis
253 2377 293 2420 ex
320 2359 441 2421 secreto
470 2356 628 2420 scelerum
656 2356 879 2440 conceperitis.
923 2355 1001 2422 licet
1023 2355 1106 2421 nulli

12 2439 17 2452 '
140 2444 311 2512 bominum
332 2444 559 2530 prospexerint
582 2443 676 2529 oculi,
700 2443 779 2509 licet
800 2444 893 2510 nulla
915 2445 1107 2530 cuiusquam
1125 2459 1159 2508 25

140 2534 330 2600 mortalium
348 2534 548 2600 conscientia
565 2532 789 2598 intervenerit:
809 2533 869 2598 sub
890 2533 979 2599 caclo
996 2537 1108 2597 tamen

140 2623 279 2709 fecistis,
317 2626 349 2688 et
383 2623 442 2687 illc
473 2622 564 2688 fusus
595 2643 655 2706 per
687 2642 798 2686 omnes
831 2628 954 2687 rerum'
970 2626 1107 2686 naturae

140 2712 246 2798 partie
266 2712 398 2798 spiritus
418 2711 534 2778 adfuit:
553 2714 632 2794 crat,
646 2715 717 2777 erat
734 2709 802 2776 illio
820 2710 985 2795 potentior
1002 2710 1106 2776 testis.

141 2824 208 2867 non
230 2801 359 2886 quidem
384 2800 469 2884 apud
487 2799 624 2866 iudicem
644 2799 728 2865 dicet
745 2821 805 2866 noc
824 2802 990 2866 oratorum
1008 2799 1107 2864 inter·

214 2982 230 3030 2
249 2974 508 3045 pronuntiationem
525 2978 589 3042 An,
609 2990 676 3030 corr.
697 2973 741 3030 Ro
763 2973 773 3044 ss
796 2971 967 3029 diudicium
985 2977 1034 3028 AB
1058 2974 1068 3042 ΙΙ
1091 2979 1106 3028 6

142 3046 210 3116 quia
228 3048 302 3116 3117
321 3045 457 3102 iudicium
475 3050 561 3100 Aona
579 3049 589 3114 ΙΙ
603 3052 672 3100 7-8
691 3045 873 3116 parricidium
891 3063 919 3114 p.
938 3043 957 3099 i.
977 3060 1036 3098 cese
1056 3059 1106 3099 om.

141 3121 195 3185 Δις
215 3117 314 3188 *[paro
328 3117 493 3172 incredibile
512 3117 658 3188 esse]}{10
697 3115 771 3172 otius
790 3120 873 3172 ocal
886 3118 895 3184 ΙΙ
911 3121 942 3170 11
959 3130 1106 3169 concensus

142 3189 205 3258 ΔιΙΙ
225 3192 258 3242 15
277 3188 478 3245 commiserunt
496 3191 557 3255 AB,
578 3203 646 3243 corr.
690 3202 710 3243 o
727 3190 737 3257 ll
757 3193 789 3242 16
808 3203 832 3260 p
851 3191 874 3238 Δ
887 3190 897 3254 l
911 3188 977 3240 sunt
994 3189 1036 3237 Aa
1049 3187 1058 3256 fl
1074 3190 1107 3239 18

137 3259 194 3314 ieta
213 3259 405 3330 experimenta
423 3263 486 3327 n,
514 3275 582 3314 corr.
601 3257 655 3314 Seb
674 3256 683 3326 11
705 3256 725 3311 1.
745 3259 789 3314 est
811 3257 847 3310 al.
872 3261 920 3309 AB
945 3259 955 3326 ΙΙ
978 3262 1013 3310 24
1031 3262 1059 3349 3
1076 3256 1108 3311 iu

142 3367 266 3435 marytre
283 3370 307 3418 Δ
325 3366 334 3435 ΙΙ
353 3371 387 3420 25
406 3365 599 3436 perspexerint
616 3368 636 3417 B
654 3366 664 3434 ΙΙ
683 3370 716 3420 26
736 3361 907 3419 interveniat
924 3367 945 3416 B
963 3364 973 3432 ΙΙ
991 3366 1025 3417 18
1045 3363 1106 3417 erat

143 3434 203 3491 illic
222 3438 268 3508 ΔΙΙ
281 3443 316 3492 29
334 3453 392 3491 non
409 3436 523 3506 quidem
541 3435 613 3492 ictor
630 3434 737 3491 artibus
755 3439 779 3487 Δ
