2670 3962
401 143 714 202 DECLAMA'HONES.
734 145 848 202 cccvi.
1035 149 1098 214 201

143 308 332 372 crediturae.
365 307 421 372 sed
441 311 614 392 postquam
640 331 675 374 se
697 310 837 393 perspici
855 311 958 374 sensit
975 311 1100 377 iuvenis

141 396 270 461 differre
293 397 409 481 coepit
444 397 528 462 nihil
550 397 705 462 iudicium
727 399 832 482 magis
855 399 972 483 trabit,
1004 422 1100 484 quam

143 485 324 550 diffidentia
345 485 506 569 petitoris.
551 490 627 551 ante
650 487 946 566 consummavimus
969 488 1099 556 bellum.

139 595 209 638 non
235 573 393 639 fraudabo
422 578 470 659 te,
501 573 640 656 iuvenis,
673 575 779 659 gloria
805 579 871 640 tua.
916 580 954 640 tu
976 576 1099 660 fugasti

140 662 262 727 hostes.
300 662 424 744 felices,
456 663 486 728 si
512 664 568 746 qui
591 663 653 728 tibi
675 667 752 728 sunt
773 666 938 748 parentes!
974 665 1136 732 utinamt

143 751 311 816 credibilia
338 751 501 816 finxissesl
535 752 700 834 effeceras,
731 756 769 820 ut
791 757 824 816 te
848 758 980 836 cuperet
1003 775 1101 838 agno·

143 860 241 904 scere.
287 838 349 904 Hie
372 839 455 904 libet
478 840 610 925 adloqui
632 841 795 905 iuvenem:
826 843 863 906 tu
885 841 1015 925 quidem
1038 843 1102 906 for-

141 928 221 992 titer
244 927 359 1011 fecisti,
382 927 438 993 sed
461 928 569 993 minor
592 929 736 1012 corporis
758 929 875 1014 virtus,
897 931 971 1013 plus
999 934 1049 996 est
1066 931 1101 994 in

141 1017 242 1081 animi
260 1016 497 1082 moderatione:
526 1039 567 1082 ne
591 1018 667 1102 quid
690 1018 827 1102 inprobe
849 1023 957 1102 petas,
985 1040 1026 1084 ue
1055 1020 1099 1086 vi·
1175 1071 1183 1084 .

140 1103 248 1170 dearis
272 1105 470 1171 isto·animo
494 1105 653 1189 litigasse.
1119 1123 1152 1174 10

207 1191 330 1278 spicat,
352 1194 468 1278 inquit,
490 1194 574 1258 mihi
598 1199 721 1279 optare,
743 1195 829 1278 quod
852 1195 977 1261 velim.“
1017 1194 1099 1261 Nul-

140 1281 211 1346 lum
246 1282 451 1347 manifestius
487 1283 656 1366 improbae
693 1282 838 1367 optionis
872 1288 1100 1368 argumentum

143 1374 202 1454 est,
225 1393 323 1454 quam
345 1372 412 1437 vim
435 1371 502 1456 legi
525 1371 687 1436 adhibere.
717 1372 788 1455 quis
812 1371 898 1435 enim
922 1372 1001 1437 dicit
1022 1394 1100 1438 »ne-

141 1480 231 1524 cesse
250 1462 330 1541 est«,
354 1459 410 1544 qui
433 1459 537 1524 dicere
560 1463 670 1544 potest
691 1459 885 1543 ›oportetc‘l
907 1482 974 1525 non
992 1464 1102 1524 tamen

139 1547 203 1612 hoe
231 1547 354 1631 <iuris>
377 1552 495 1614 natura
520 1549 649 1633 recipit,
676 1551 715 1613 ut
736 1553 805 1614 tam
829 1548 922 1633 gravi
946 1549 1101 1614 servitute
1121 1564 1154 1612 15

140 1636 249 1718 [iuris]
267 1635 478 1702 obstrinxerit
493 1658 562 1701 rem
580 1637 756 1721 publicam,
775 1637 831 1721 qui
845 1637 950 1721 legem
963 1637 1102 1704 dicebat.

139 1723 205 1790 sibi
226 1746 306 1792 sane
325 1725 437 1789 tulerit
455 1725 527 1790 iura
545 1725 726 1810 simplicius
745 1729 835 1792 aetas
855 1729 957 1810 vetus,
980 1727 1099 1791 minor·

142 1835 205 1897 que
228 1813 328 1878 fuerit
349 1815 524 1880 verborum
546 1814 704 1899 custodia,
726 1837 798 1880 eum
816 1815 1016 1880 intellecturi
1033 1837 1100 1879 non

141 1902 351 1968 timebantur.
393 1902 453 1968 has
477 1903 562 1968 enim
585 1903 708 1986 primas
731 1902 865 1968 rudibus
887 1903 955 1968 illis
979 1925 1018 1968 ac
1039 1904 1100 1968 mi-

137 1990 293 2057 litaribus
311 1990 390 2055 viris
410 1991 560 2056 existimo
579 1992 741 2077 placuisse
759 1993 859 2077 leges,
878 1992 995 2076 quibus
1014 1993 1100 2058 inter
1117 2008 1153 2057 2ο

140 2080 295 2144 continua
330 2079 418 2145 bella
458 2082 642 2165 praemium
678 2103 745 2146 non
783 2082 890 2146 avaris
922 2080 1099 2146 virtutmus

140 2167 289 2234 dabatur.
343 2165 458 2252 Neque
492 2188 552 2252 ego
585 2168 787 2254 crediderim,
823 2170 991 2254 optionem
1022 2173 1100 2234 tuuc

139 2256 235 2320 illam
266 2256 444 2342 respexisse
477 2257 519 2322 ad
542 2279 641 2323 onera
671 2259 719 2322 rei
750 2258 908 2342 publicae.
952 2257 1100 2338 liberalis

140 2347 214 2408 erat
236 2345 375 2428 populus
404 2366 443 2409 ex
465 2345 595 2429 praeda.
639 2347 734 2410 testis
757 2347 937 2412 carminum
960 2346 1100 2430 antiqui-

139 2435 201 2512 tas,
224 2432 282 2498 ubi
304 2433 354 2499 illi
376 2434 475 2519 primi
496 2433 610 2499 herotis
629 2434 836 2500 canebantur.
869 2435 1008 2500 bellator
1026 2435 1101 2499 huie
1119 2449 1154 2497 21

139 2543 261 2606 currus,
278 2521 355 2587 huic
369 2521 485 2587 ducum
500 2523 643 2605 exuviae,
655 2523 821 2588 nonnullis
836 2523 983 2607 captivae
996 2523 1102 2587 forma

138 2609 369 2693 praestantior,
392 2611 526 2694 <cuius>
549 2611 667 2676 ultima
685 2632 757 2676 sors
776 2611 967 2693 habebatur,
990 2632 1102 2694 quam-

139 2697 221 2763 libet
247 2699 366 2764 nobilis
389 2703 524 2785 peteret
567 2699 719 2785 legistine
743 2700 827 2766 cirea
850 2699 1001 2764 decennis
1023 2698 1102 2764 belli

138 2821 512 2976 ...leauusaf
526 2821 1047 2962 terrueruut&
1060 2820 1100 2978 11

138 2979 194 3034 aio
213 2982 234 3031 11
253 2981 263 3050 ΙΙ
278 2985 309 3033 11
329 2977 432 3034 vellem
450 2982 514 3052 bau
533 2985 566 3036 12
585 2997 650 3036 non
669 2981 791 3036 debere
810 2981 907 3050 leges
927 2978 1099 3049 simplicit

138 3068 238 3124 aaran
261 3068 413 3138 maligne
441 3055 635 3138 inipreturi
657 3072 680 3121 a
698 3071 708 3140 l
726 3069 839 3140 opums
857 3072 877 3121 r
896 3070 953 3138 111³
974 3067 1101 3122 reuberi

137 3141 158 3190 B
176 3139 186 3208 11
206 3143 240 3192 14
257 3140 352 3210 potest
369 3155 420 3195 om.
439 3139 482 3210 Pl
503 3145 536 3193 15
554 3142 665 3194 tantum
683 3142 726 3210 ΡΙΙ
743 3138 852 3212 (iuris)
870 3140 914 3194 Ro
928 3141 937 3210 ΙΙ
952 3143 985 3191 16
1007 3136 1098 3208 [iuris]

136 3209 203 3278 Bon
219 3215 252 3264 11
271 3211 363 3264 minor
379 3213 422 3281 l’fl
437 3215 470 3266 19
488 3209 546 3266 illis
565 3211 580 3265 ὃ
600 3229 636 3263 m.
655 3215 685 3278 B,
703 3210 761 3264 illis
779 3212 808 3264 et
826 3206 1101 3279 m.rumi1italibus

129 3278 230 3349 ’11121
251 3297 352 3337 avarus
372 3284 425 3349 Aa,
449 3281 560 3336 avarius
578 3285 612 3348 ³3
636 3297 752 3336 avarum
770 3279 814 3336 Ro
828 3282 837 3348 ΙΙ
850 3287 884 3333 22
904 3295 971 3348 ergo
989 3283 1030 3332 Aa
1043 3280 1052 3348 ss
1066 3285 1100 3333 26

137 3351 323 3476 ηῗηηαΙΙΞςΒὴῃ
337 3358 371 3406 21
385 3352 491 3408 formae
507 3353 552 3422 111
566 3359 599 3408 27
610 3370 660 3422 pr,
674 3350 795 3425 (cuius)
809 3352 911 3406 ultima
921 3349 973 3418 Ro,
988 3349 1102 3421 (quae)

137 3439 155 3473 u
167 3422 239 3476 tima
278 3440 292 3476 c
649 3449 655 3459 ·
