<?xml version="1.0" encoding="UTF-8"?>
<!DOCTYPE html PUBLIC "-//W3C//DTD XHTML 1.0 Transitional//EN"
    "http://www.w3.org/TR/xhtml1/DTD/xhtml1-transitional.dtd">
<html xmlns="http://www.w3.org/1999/xhtml" xml:lang="en" lang="en">
 <head>
  <title>
</title>
<meta http-equiv="Content-Type" content="text/html;charset=utf-8" />
  <meta name='ocr-system' content='tesseract 3.04.00' />
  <meta name='ocr-capabilities' content='ocr_page ocr_carea ocr_par ocr_line ocrx_word'/>
</head>
<body>
  <div class='ocr_page' id='page_1' title='image "./mfabiiquintilia02rittgoog_0106.png"; bbox 0 0 2668 3968; ppageno 0'>
   <div class='ocr_carea' id='block_1_1' title="bbox 396 161 1090 231">
    <p class='ocr_par' dir='ltr' id='par_1_1' title="bbox 396 161 1090 231">
     <span class='ocr_line' id='line_1_1' title="bbox 396 161 1090 231; baseline 0.013 -11"><span class='ocrx_word' id='word_1_1' title='bbox 396 161 711 222; x_wconf 72' lang='lat' dir='ltr'><strong>Dnonnmnnlonss</strong></span> <span class='ocrx_word' id='word_1_2' title='bbox 732 164 831 222; x_wconf 81' lang='lat' dir='ltr'>COLX.</span> <span class='ocrx_word' id='word_1_3' title='bbox 1047 165 1090 231; x_wconf 79' lang='lat'><strong>65</strong></span> 
     </span>
    </p>
   </div>
   <div class='ocr_carea' id='block_1_2' title="bbox 127 326 1146 1477">
    <p class='ocr_par' dir='ltr' id='par_1_2' title="bbox 127 326 1146 1477">
     <span class='ocr_line' id='line_1_2' title="bbox 131 326 1092 413; baseline 0 -19"><span class='ocrx_word' id='word_1_4' title='bbox 131 327 246 394; x_wconf 88' lang='lat' dir='ltr'><strong>melius</strong></span> <span class='ocrx_word' id='word_1_5' title='bbox 270 349 308 394; x_wconf 88' lang='lat' dir='ltr'><strong>ac</strong></span> <span class='ocrx_word' id='word_1_6' title='bbox 331 326 450 412; x_wconf 84' lang='lat' dir='ltr'><strong>maius,</strong></span> <span class='ocrx_word' id='word_1_7' title='bbox 477 347 623 394; x_wconf 82' lang='lat' dir='ltr'><strong>servasse</strong></span> <span class='ocrx_word' id='word_1_8' title='bbox 646 349 739 394; x_wconf 91' lang='lat' dir='ltr'><strong>suum</strong></span> <span class='ocrx_word' id='word_1_9' title='bbox 762 348 932 395; x_wconf 85' lang='lat' dir='ltr'><strong>numerum</strong></span> <span class='ocrx_word' id='word_1_10' title='bbox 955 328 1092 413; x_wconf 85' lang='lat' dir='ltr'><strong>civitati,</strong></span> 
     </span>
     <span class='ocr_line' id='line_1_3' title="bbox 131 415 1091 501; baseline -0.001 -17"><span class='ocrx_word' id='word_1_11' title='bbox 131 439 207 484; x_wconf 84' lang='lat' dir='ltr'><strong>suos</strong></span> <span class='ocrx_word' id='word_1_12' title='bbox 231 416 384 483; x_wconf 77' lang='lat' dir='ltr'><strong>ordines?</strong></span> <span class='ocrx_word' id='word_1_13' title='bbox 408 437 450 482; x_wconf 87' lang='lat' dir='ltr'><strong>an</strong></span> <span class='ocrx_word' id='word_1_14' title='bbox 473 436 549 482; x_wconf 87' lang='lat' dir='ltr'><strong>vero</strong></span> <span class='ocrx_word' id='word_1_15' title='bbox 570 415 655 496; x_wconf 87' lang='lat' dir='ltr'><strong>illos,</strong></span> <span class='ocrx_word' id='word_1_16' title='bbox 678 416 735 501; x_wconf 90' lang='lat' dir='ltr'><strong>qni</strong></span> <span class='ocrx_word' id='word_1_17' title='bbox 752 417 902 501; x_wconf 79' lang='lat' dir='ltr'><strong>ingentes</strong></span> <span class='ocrx_word' id='word_1_18' title='bbox 920 418 1091 483; x_wconf 89' lang='lat' dir='ltr'><strong>noxiorum</strong></span> 
     </span>
     <span class='ocr_line' id='line_1_4' title="bbox 130 503 1090 590; baseline 0.002 -20"><span class='ocrx_word' id='word_1_19' title='bbox 130 505 274 572; x_wconf 79' lang='lat' dir='ltr'><strong>familias</strong></span> <span class='ocrx_word' id='word_1_20' title='bbox 302 503 573 572; x_wconf 76' lang='lat' dir='ltr'><strong>occisuri&#39;tamen</strong></span> <span class='ocrx_word' id='word_1_21' title='bbox 595 508 744 589; x_wconf 87' lang='lat' dir='ltr'><strong>pascunt,</strong></span> <span class='ocrx_word' id='word_1_22' title='bbox 771 506 887 590; x_wconf 87' lang='lat' dir='ltr'><strong>plausu</strong></span> <span class='ocrx_word' id='word_1_23' title='bbox 907 505 1090 572; x_wconf 80' lang='lat' dir='ltr'><strong>fovebimus</strong></span> 
     </span>
     <span class='ocr_line' id='line_1_5' title="bbox 131 593 1091 678; baseline -0.001 -18"><span class='ocrx_word' id='word_1_24' title='bbox 131 598 163 661; x_wconf 91' lang='lat' dir='ltr'><strong>et</strong></span> <span class='ocrx_word' id='word_1_25' title='bbox 190 595 226 659; x_wconf 91' lang='lat' dir='ltr'><strong>in</strong></span> <span class='ocrx_word' id='word_1_26' title='bbox 254 593 405 659; x_wconf 88' lang='lat' dir='ltr'><strong>omnibus</strong></span> <span class='ocrx_word' id='word_1_27' title='bbox 429 594 621 678; x_wconf 74' lang='lat' dir='ltr'><strong>spectaculis</strong></span> <span class='ocrx_word' id='word_1_28' title='bbox 645 593 833 660; x_wconf 80' lang='lat' dir='ltr'><strong>adulatione</strong></span> <span class='ocrx_word' id='word_1_29' title='bbox 856 594 959 659; x_wconf 87' lang='lat' dir='ltr'><strong>multa</strong></span> <span class='ocrx_word' id='word_1_30' title='bbox 982 615 1091 678; x_wconf 87' lang='lat' dir='ltr'><strong>prose·</strong></span> 
     </span>
     <span class='ocr_line' id='line_1_6' title="bbox 131 681 1127 769; baseline 0.001 -21"><span class='ocrx_word' id='word_1_31' title='bbox 131 704 281 769; x_wconf 89' lang='lat' dir='ltr'><strong>quemur:</strong></span> <span class='ocrx_word' id='word_1_32' title='bbox 303 682 403 766; x_wconf 88' lang='lat' dir='ltr'><strong>hunc,</strong></span> <span class='ocrx_word' id='word_1_33' title='bbox 426 681 481 767; x_wconf 90' lang='lat' dir='ltr'><strong>qui</strong></span> <span class='ocrx_word' id='word_1_34' title='bbox 504 684 631 765; x_wconf 84' lang='lat' dir='ltr'><strong>partem</strong></span> <span class='ocrx_word' id='word_1_35' title='bbox 655 682 787 766; x_wconf 85' lang='lat' dir='ltr'><strong>civium,</strong></span> <span class='ocrx_word' id='word_1_36' title='bbox 813 682 938 748; x_wconf 84' lang='lat' dir='ltr'><strong>levibus</strong></span> <span class='ocrx_word' id='word_1_37' title='bbox 961 683 1091 749; x_wconf 83' lang='lat' dir='ltr'><strong>offensis</strong></span> <span class='ocrx_word' id='word_1_38' title='bbox 1110 697 1127 749; x_wconf 75' lang='grc' dir='ltr'>ὁ</span> 
     </span>
     <span class='ocr_line' id='line_1_7' title="bbox 130 771 1091 855; baseline -0.001 -18"><span class='ocrx_word' id='word_1_39' title='bbox 130 772 293 855; x_wconf 84' lang='lat' dir='ltr'><strong>miseram,</strong></span> <span class='ocrx_word' id='word_1_40' title='bbox 316 774 478 836; x_wconf 86' lang='lat' dir='ltr'><strong>sustentat</strong></span> <span class='ocrx_word' id='word_1_41' title='bbox 500 792 538 835; x_wconf 85' lang='lat' dir='ltr'><strong>ac</strong></span> <span class='ocrx_word' id='word_1_42' title='bbox 560 771 780 854; x_wconf 87' lang='lat' dir='ltr'><strong>paenitentiae</strong></span> <span class='ocrx_word' id='word_1_43' title='bbox 802 793 879 837; x_wconf 87' lang='lat' dir='ltr'><strong>suae</strong></span> <span class='ocrx_word' id='word_1_44' title='bbox 898 793 1091 855; x_wconf 87' lang='lat' dir='ltr'><strong>suorumque</strong></span> 
     </span>
     <span class='ocr_line' id='line_1_8' title="bbox 127 859 1092 946; baseline 0 -21"><span class='ocrx_word' id='word_1_45' title='bbox 127 861 294 946; x_wconf 79' lang='lat' dir='ltr'><strong>integram</strong></span> <span class='ocrx_word' id='word_1_46' title='bbox 308 863 426 942; x_wconf 81' lang='lat' dir='ltr'><strong>servat,</strong></span> <span class='ocrx_word' id='word_1_47' title='bbox 440 859 512 945; x_wconf 79' lang='lat' dir='ltr'><strong>lege</strong></span> <span class='ocrx_word' id='word_1_48' title='bbox 527 859 627 925; x_wconf 86' lang='lat' dir='ltr'><strong>etiam</strong></span> <span class='ocrx_word' id='word_1_49' title='bbox 635 860 829 945; x_wconf 79' lang='lat' dir='ltr'><strong>gravissima</strong></span> <span class='ocrx_word' id='word_1_50' title='bbox 841 859 1092 944; x_wconf 78' lang='lat' dir='ltr'><strong>persequemur?</strong></span> 
     </span>
     <span class='ocr_line' id='line_1_9' title="bbox 129 939 1093 1034; baseline 0.001 -21"><span class='ocrx_word' id='word_1_51' title='bbox 129 949 207 1033; x_wconf 92' lang='lat' dir='ltr'><strong>quid</strong></span> <span class='ocrx_word' id='word_1_52' title='bbox 235 949 322 1013; x_wconf 90' lang='lat' dir='ltr'><strong>enim</strong></span> <span class='ocrx_word' id='word_1_53' title='bbox 349 939 452 1013; x_wconf 53' lang='lat' dir='ltr'><strong>nobi?</strong></span> <span class='ocrx_word' id='word_1_54' title='bbox 474 950 542 1012; x_wconf 87' lang='lat' dir='ltr'><strong>tam</strong></span> <span class='ocrx_word' id='word_1_55' title='bbox 564 949 728 1031; x_wconf 85' lang='lat' dir='ltr'><strong>naturale,</strong></span> <span class='ocrx_word' id='word_1_56' title='bbox 760 947 837 1032; x_wconf 90' lang='lat' dir='ltr'><strong>quid</strong></span> <span class='ocrx_word' id='word_1_57' title='bbox 861 948 902 1013; x_wconf 89' lang='lat' dir='ltr'><strong>ab</strong></span> <span class='ocrx_word' id='word_1_58' title='bbox 925 949 998 1032; x_wconf 87' lang='lat' dir='ltr'><strong>ipsa</strong></span> <span class='ocrx_word' id='word_1_59' title='bbox 1020 971 1093 1034; x_wconf 89' lang='lat' dir='ltr'><strong>pro-</strong></span> 
     </span>
     <span class='ocr_line' id='line_1_10' title="bbox 131 1035 1092 1122; baseline 0 -20"><span class='ocrx_word' id='word_1_60' title='bbox 131 1037 277 1102; x_wconf 83' lang='lat' dir='ltr'><strong>videntia</strong></span> <span class='ocrx_word' id='word_1_61' title='bbox 300 1036 407 1121; x_wconf 82' lang='lat' dir='ltr'><strong>magis</strong></span> <span class='ocrx_word' id='word_1_62' title='bbox 430 1035 542 1103; x_wconf 83' lang='lat' dir='ltr'><strong>datum</strong></span> <span class='ocrx_word' id='word_1_63' title='bbox 565 1057 817 1122; x_wconf 89' lang='lat' dir='ltr'><strong>concessumque</strong></span> <span class='ocrx_word' id='word_1_64' title='bbox 843 1036 947 1102; x_wconf 83' lang='lat' dir='ltr'><strong>videri</strong></span> <span class='ocrx_word' id='word_1_65' title='bbox 975 1042 1092 1122; x_wconf 87' lang='lat' dir='ltr'><strong>potest,</strong></span> 
     </span>
     <span class='ocr_line' id='line_1_11' title="bbox 128 1123 1146 1210; baseline 0 -18"><span class='ocrx_word' id='word_1_66' title='bbox 128 1147 229 1210; x_wconf 89' lang='lat' dir='ltr'><strong>quam</strong></span> <span class='ocrx_word' id='word_1_67' title='bbox 248 1125 335 1192; x_wconf 88' lang='lat' dir='ltr'><strong>alere</strong></span> <span class='ocrx_word' id='word_1_68' title='bbox 353 1125 500 1190; x_wconf 88' lang='lat' dir='ltr'><strong>homines</strong></span> <span class='ocrx_word' id='word_1_69' title='bbox 519 1147 558 1191; x_wconf 85' lang='lat' dir='ltr'><strong>ac</strong></span> <span class='ocrx_word' id='word_1_70' title='bbox 577 1123 758 1191; x_wconf 80' lang='lat' dir='ltr'><strong>sustinere?</strong></span> <span class='ocrx_word' id='word_1_71' title='bbox 782 1129 872 1191; x_wconf 89' lang='lat' dir='ltr'><strong>muta</strong></span> <span class='ocrx_word' id='word_1_72' title='bbox 892 1125 1093 1192; x_wconf 88' lang='lat' dir='ltr'><strong>mehercule</strong></span> <span class='ocrx_word' id='word_1_73' title='bbox 1113 1143 1146 1192; x_wconf 90' lang='lat'><strong>10</strong></span> 
     </span>
     <span class='ocr_line' id='line_1_12' title="bbox 129 1213 1092 1298; baseline 0.002 -19"><span class='ocrx_word' id='word_1_74' title='bbox 129 1213 300 1297; x_wconf 84' lang='lat' dir='ltr'><strong>animalia,</strong></span> <span class='ocrx_word' id='word_1_75' title='bbox 329 1234 411 1298; x_wconf 88' lang='lat' dir='ltr'><strong>quae</strong></span> <span class='ocrx_word' id='word_1_76' title='bbox 438 1214 549 1280; x_wconf 80' lang='lat' dir='ltr'><strong>venire</strong></span> <span class='ocrx_word' id='word_1_77' title='bbox 577 1214 618 1279; x_wconf 90' lang='lat' dir='ltr'><strong>ad</strong></span> <span class='ocrx_word' id='word_1_78' title='bbox 645 1237 777 1286; x_wconf 81' lang='lat' dir='ltr'><strong>menum</strong></span> <span class='ocrx_word' id='word_1_79' title='bbox 805 1218 838 1279; x_wconf 89' lang='lat' dir='ltr'><strong>et</strong></span> <span class='ocrx_word' id='word_1_80' title='bbox 867 1236 1092 1281; x_wconf 84' lang='lat' dir='ltr'><strong>mansuescere</strong></span> 
     </span>
     <span class='ocr_line' id='line_1_13' title="bbox 130 1301 1092 1390; baseline 0.001 -22"><span class='ocrx_word' id='word_1_81' title='bbox 130 1305 267 1390; x_wconf 83' lang='lat' dir='ltr'><strong>queunt,</strong></span> <span class='ocrx_word' id='word_1_82' title='bbox 291 1323 358 1367; x_wconf 92' lang='lat' dir='ltr'><strong>non</strong></span> <span class='ocrx_word' id='word_1_83' title='bbox 380 1301 557 1368; x_wconf 90' lang='lat' dir='ltr'><strong>humanum</strong></span> <span class='ocrx_word' id='word_1_84' title='bbox 581 1302 687 1387; x_wconf 86' lang='lat' dir='ltr'><strong>modo,</strong></span> <span class='ocrx_word' id='word_1_85' title='bbox 720 1303 898 1369; x_wconf 85' lang='lat' dir='ltr'><strong>sedetiam</strong></span> <span class='ocrx_word' id='word_1_86' title='bbox 923 1303 1092 1387; x_wconf 87' lang='lat' dir='ltr'><strong>voluptuo-</strong></span> 
     </span>
     <span class='ocr_line' id='line_1_14' title="bbox 132 1390 1092 1477; baseline 0.001 -21"><span class='ocrx_word' id='word_1_87' title='bbox 132 1413 202 1456; x_wconf 87' lang='lat' dir='ltr'><strong>sum</strong></span> <span class='ocrx_word' id='word_1_88' title='bbox 228 1394 280 1456; x_wconf 88' lang='lat' dir='ltr'><strong>est</strong></span> <span class='ocrx_word' id='word_1_89' title='bbox 303 1391 389 1456; x_wconf 85' lang='lat' dir='ltr'><strong>alere</strong></span> <span class='ocrx_word' id='word_1_90' title='bbox 413 1412 449 1456; x_wconf 88' lang='lat' dir='ltr'><strong>ac</strong></span> <span class='ocrx_word' id='word_1_91' title='bbox 472 1413 613 1476; x_wconf 85' lang='lat' dir='ltr'><strong>pascere.</strong></span> <span class='ocrx_word' id='word_1_92' title='bbox 647 1391 724 1477; x_wconf 91' lang='lat' dir='ltr'><strong>quid</strong></span> <span class='ocrx_word' id='word_1_93' title='bbox 749 1391 787 1456; x_wconf 91' lang='lat' dir='ltr'><strong>de</strong></span> <span class='ocrx_word' id='word_1_94' title='bbox 811 1390 942 1457; x_wconf 91' lang='lat' dir='ltr'><strong>homine</strong></span> <span class='ocrx_word' id='word_1_95' title='bbox 965 1390 1092 1460; x_wconf 77' lang='lat' dir='ltr'><strong>dicam?</strong></span> 
     </span>
    </p>
   </div>
   <div class='ocr_carea' id='block_1_3' title="bbox 23 1479 1092 1565">
    <p class='ocr_par' dir='ltr' id='par_1_3' title="bbox 23 1479 1092 1565">
     <span class='ocr_line' id='line_1_15' title="bbox 23 1479 1092 1565; baseline 0 -21"><span class='ocrx_word' id='word_1_96' title='bbox 23 1481 25 1488; x_wconf 88' lang='grc'><strong>’</strong></span> <span class='ocrx_word' id='word_1_97' title='bbox 129 1480 346 1565; x_wconf 82' lang='lat' dir='ltr'><strong>quisquamne</strong></span> <span class='ocrx_word' id='word_1_98' title='bbox 364 1480 469 1565; x_wconf 79' lang='lat' dir='ltr'><strong>magis</strong></span> <span class='ocrx_word' id='word_1_99' title='bbox 486 1480 654 1564; x_wconf 74' lang='lat' dir='ltr'><strong>negotium</strong></span> <span class='ocrx_word' id='word_1_100' title='bbox 672 1479 847 1565; x_wconf 87' lang='lat' dir='ltr'><strong>publicum,</strong></span> <span class='ocrx_word' id='word_1_101' title='bbox 866 1501 933 1546; x_wconf 92' lang='lat' dir='ltr'><strong>non</strong></span> <span class='ocrx_word' id='word_1_102' title='bbox 952 1480 1092 1545; x_wconf 84' lang='lat' dir='ltr'><strong>civitatis</strong></span> 
     </span>
    </p>
   </div>
   <div class='ocr_carea' id='block_1_4' title="bbox 131 1567 1150 2983">
    <p class='ocr_par' dir='ltr' id='par_1_4' title="bbox 131 1567 1147 2010">
     <span class='ocr_line' id='line_1_16' title="bbox 132 1567 1147 1654; baseline 0.001 -22"><span class='ocrx_word' id='word_1_103' title='bbox 132 1567 244 1652; x_wconf 88' lang='lat' dir='ltr'><strong>modo,</strong></span> <span class='ocrx_word' id='word_1_104' title='bbox 278 1568 336 1633; x_wconf 86' lang='lat' dir='ltr'><strong>sed</strong></span> <span class='ocrx_word' id='word_1_105' title='bbox 367 1569 469 1634; x_wconf 87' lang='lat' dir='ltr'><strong>totius</strong></span> <span class='ocrx_word' id='word_1_106' title='bbox 499 1589 607 1634; x_wconf 85' lang='lat' dir='ltr'><strong>rerum</strong></span> <span class='ocrx_word' id='word_1_107' title='bbox 635 1574 772 1634; x_wconf 89' lang='lat' dir='ltr'><strong>naturae</strong></span> <span class='ocrx_word' id='word_1_108' title='bbox 800 1568 882 1654; x_wconf 84' lang='lat' dir='ltr'><strong>agit,</strong></span> <span class='ocrx_word' id='word_1_109' title='bbox 912 1590 1011 1653; x_wconf 84' lang='lat' dir='ltr'><strong>quarn</strong></span> <span class='ocrx_word' id='word_1_110' title='bbox 1038 1569 1094 1654; x_wconf 92' lang='lat' dir='ltr'><strong>qui</strong></span> <span class='ocrx_word' id='word_1_111' title='bbox 1114 1584 1147 1633; x_wconf 77' lang='lat'><strong>15</strong></span> 
     </span>
     <span class='ocr_line' id='line_1_17' title="bbox 133 1655 1094 1742; baseline 0 -20"><span class='ocrx_word' id='word_1_112' title='bbox 133 1657 255 1722; x_wconf 90' lang='lat' dir='ltr'><strong>animal</strong></span> <span class='ocrx_word' id='word_1_113' title='bbox 282 1657 346 1724; x_wconf 92' lang='lat' dir='ltr'><strong>hoc</strong></span> <span class='ocrx_word' id='word_1_114' title='bbox 373 1655 432 1723; x_wconf 90' lang='lat' dir='ltr'><strong>deo</strong></span> <span class='ocrx_word' id='word_1_115' title='bbox 459 1657 641 1741; x_wconf 86' lang='lat' dir='ltr'><strong>proximum</strong></span> <span class='ocrx_word' id='word_1_116' title='bbox 670 1660 702 1722; x_wconf 92' lang='lat' dir='ltr'><strong>et</strong></span> <span class='ocrx_word' id='word_1_117' title='bbox 730 1657 765 1722; x_wconf 88' lang='lat' dir='ltr'><strong>in</strong></span> <span class='ocrx_word' id='word_1_118' title='bbox 789 1657 1094 1742; x_wconf 84' lang='lat' dir='ltr'><strong>contemplationem</strong></span> 
     </span>
     <span class='ocr_line' id='line_1_18' title="bbox 132 1745 1095 1832; baseline -0.002 -20"><span class='ocrx_word' id='word_1_119' title='bbox 132 1745 290 1828; x_wconf 84' lang='lat' dir='ltr'><strong>omnium,</strong></span> <span class='ocrx_word' id='word_1_120' title='bbox 313 1765 531 1830; x_wconf 88' lang='lat' dir='ltr'><strong>quaecumque</strong></span> <span class='ocrx_word' id='word_1_121' title='bbox 554 1746 674 1812; x_wconf 90' lang='lat' dir='ltr'><strong>mundo</strong></span> <span class='ocrx_word' id='word_1_122' title='bbox 697 1746 914 1832; x_wconf 82' lang='lat' dir='ltr'><strong>contigerunt,</strong></span> <span class='ocrx_word' id='word_1_123' title='bbox 938 1747 1095 1812; x_wconf 85' lang='lat' dir='ltr'><strong>constitu·</strong></span> 
     </span>
     <span class='ocr_line' id='line_1_19' title="bbox 131 1833 1094 1920; baseline 0.002 -22"><span class='ocrx_word' id='word_1_124' title='bbox 131 1837 202 1899; x_wconf 85' lang='lat' dir='ltr'><strong>tum</strong></span> <span class='ocrx_word' id='word_1_125' title='bbox 226 1837 367 1919; x_wconf 81' lang='lat' dir='ltr'><strong>porogat</strong></span> <span class='ocrx_word' id='word_1_126' title='bbox 389 1833 624 1920; x_wconf 85' lang='lat' dir='ltr'><strong>producitque&#39;?</strong></span> <span class='ocrx_word' id='word_1_127' title='bbox 647 1835 702 1919; x_wconf 92' lang='lat' dir='ltr'><strong>qui</strong></span> <span class='ocrx_word' id='word_1_128' title='bbox 725 1855 802 1919; x_wconf 88' lang='lat' dir='ltr'><strong>opes</strong></span> <span class='ocrx_word' id='word_1_129' title='bbox 822 1856 896 1900; x_wconf 87' lang='lat' dir='ltr'><strong>suas</strong></span> <span class='ocrx_word' id='word_1_130' title='bbox 916 1835 950 1900; x_wconf 89' lang='lat' dir='ltr'><strong>in</strong></span> <span class='ocrx_word' id='word_1_131' title='bbox 964 1835 1094 1919; x_wconf 88' lang='lat' dir='ltr'><strong>publico</strong></span> 
     </span>
     <span class='ocr_line' id='line_1_20' title="bbox 132 1922 1095 2010; baseline 0 -22"><span class='ocrx_word' id='word_1_132' title='bbox 132 1923 254 2006; x_wconf 87' lang='lat' dir='ltr'><strong>posuit,</strong></span> <span class='ocrx_word' id='word_1_133' title='bbox 278 1943 342 2006; x_wconf 90' lang='lat' dir='ltr'><strong>quo</strong></span> <span class='ocrx_word' id='word_1_134' title='bbox 365 1922 526 2008; x_wconf 88' lang='lat' dir='ltr'><strong>locuplete</strong></span> <span class='ocrx_word' id='word_1_135' title='bbox 544 1945 639 1988; x_wconf 92' lang='lat' dir='ltr'><strong>nemo</strong></span> <span class='ocrx_word' id='word_1_136' title='bbox 658 1943 779 2008; x_wconf 80' lang='lat' dir='ltr'><strong>pauper</strong></span> <span class='ocrx_word' id='word_1_137' title='bbox 799 1927 858 2006; x_wconf 88' lang='lat' dir='ltr'><strong>est,</strong></span> <span class='ocrx_word' id='word_1_138' title='bbox 880 1945 975 1989; x_wconf 90' lang='lat' dir='ltr'><strong>nemo</strong></span> <span class='ocrx_word' id='word_1_139' title='bbox 999 1923 1095 2010; x_wconf 80' lang='lat' dir='ltr'><strong>eget?</strong></span> 
     </span>
    </p>

    <p class='ocr_par' dir='ltr' id='par_1_5' title="bbox 131 2009 1150 2983">
     <span class='ocr_line' id='line_1_21' title="bbox 199 2009 1147 2096; baseline 0.001 -19"><span class='ocrx_word' id='word_1_140' title='bbox 199 2009 227 2077; x_wconf 95' lang='lat'>0</span> <span class='ocrx_word' id='word_1_141' title='bbox 252 2011 371 2076; x_wconf 86' lang='lat' dir='ltr'><strong>misera</strong></span> <span class='ocrx_word' id='word_1_142' title='bbox 392 2011 554 2096; x_wconf 89' lang='lat' dir='ltr'><strong>temporal</strong></span> <span class='ocrx_word' id='word_1_143' title='bbox 590 2011 652 2078; x_wconf 91' lang='lat' dir='ltr'><strong>hoc</strong></span> <span class='ocrx_word' id='word_1_144' title='bbox 676 2011 913 2078; x_wconf 87' lang='lat' dir='ltr'><strong>defendendum</strong></span> <span class='ocrx_word' id='word_1_145' title='bbox 936 2012 1008 2078; x_wconf 80' lang='lat' dir='ltr'><strong>est?</strong></span> <span class='ocrx_word' id='word_1_146' title='bbox 1036 2013 1094 2078; x_wconf 87' lang='lat' dir='ltr'><strong>sci·</strong></span> <span class='ocrx_word' id='word_1_147' title='bbox 1113 2029 1147 2078; x_wconf 84' lang='grc' dir='ltr'><strong>2ο</strong></span> 
     </span>
     <span class='ocr_line' id='line_1_22' title="bbox 131 2098 1096 2184; baseline 0.002 -22"><span class='ocrx_word' id='word_1_148' title='bbox 131 2099 210 2165; x_wconf 89' lang='lat' dir='ltr'><strong>licet</strong></span> <span class='ocrx_word' id='word_1_149' title='bbox 241 2098 322 2164; x_wconf 91' lang='lat' dir='ltr'><strong>illud</strong></span> <span class='ocrx_word' id='word_1_150' title='bbox 355 2099 537 2184; x_wconf 87' lang='lat' dir='ltr'><strong>honestius,</strong></span> <span class='ocrx_word' id='word_1_151' title='bbox 568 2100 687 2167; x_wconf 85' lang='lat' dir='ltr'><strong>liberos</strong></span> <span class='ocrx_word' id='word_1_152' title='bbox 721 2100 867 2166; x_wconf 89' lang='lat' dir='ltr'><strong>sublatos</strong></span> <span class='ocrx_word' id='word_1_153' title='bbox 899 2101 1028 2184; x_wconf 87' lang='lat' dir='ltr'><strong>iamque</strong></span> <span class='ocrx_word' id='word_1_154' title='bbox 1061 2101 1096 2164; x_wconf 91' lang='lat' dir='ltr'><strong>in</strong></span> 
     </span>
     <span class='ocr_line' id='line_1_23' title="bbox 135 2187 1096 2273; baseline -0.001 -20"><span class='ocrx_word' id='word_1_155' title='bbox 135 2187 387 2264; x_wconf 76' lang='lat' dir='ltr'><strong>adulescentiam</strong></span> <span class='ocrx_word' id='word_1_156' title='bbox 410 2192 581 2272; x_wconf 86' lang='lat' dir='ltr'><strong>provectos</strong></span> <span class='ocrx_word' id='word_1_157' title='bbox 608 2189 728 2272; x_wconf 85' lang='lat' dir='ltr'><strong>pellere</strong></span> <span class='ocrx_word' id='word_1_158' title='bbox 750 2188 846 2255; x_wconf 90' lang='lat' dir='ltr'><strong>domo</strong></span> <span class='ocrx_word' id='word_1_159' title='bbox 870 2192 902 2254; x_wconf 85' lang='lat' dir='ltr'><strong>et</strong></span> <span class='ocrx_word' id='word_1_160' title='bbox 923 2188 1096 2273; x_wconf 87' lang='lat' dir='ltr'><strong>prohibere</strong></span> 
     </span>
     <span class='ocr_line' id='line_1_24' title="bbox 136 2276 1096 2361; baseline -0.001 -19"><span class='ocrx_word' id='word_1_161' title='bbox 136 2276 310 2361; x_wconf 85' lang='lat' dir='ltr'><strong>penatibus</strong></span> <span class='ocrx_word' id='word_1_162' title='bbox 335 2279 367 2341; x_wconf 89' lang='lat' dir='ltr'><strong>et</strong></span> <span class='ocrx_word' id='word_1_163' title='bbox 390 2278 512 2342; x_wconf 89' lang='lat' dir='ltr'><strong>omissa</strong></span> <span class='ocrx_word' id='word_1_164' title='bbox 535 2276 726 2342; x_wconf 88' lang='lat' dir='ltr'><strong>emendandi</strong></span> <span class='ocrx_word' id='word_1_165' title='bbox 749 2298 825 2343; x_wconf 87' lang='lat' dir='ltr'><strong>cura</strong></span> <span class='ocrx_word' id='word_1_166' title='bbox 848 2277 893 2343; x_wconf 89' lang='lat' dir='ltr'><strong>sic</strong></span> <span class='ocrx_word' id='word_1_167' title='bbox 936 2278 1037 2360; x_wconf 88' lang='lat' dir='ltr'><strong>unire,</strong></span> <span class='ocrx_word' id='word_1_168' title='bbox 1059 2281 1096 2341; x_wconf 88' lang='lat' dir='ltr'><strong>ut</strong></span> 
     </span>
     <span class='ocr_line' id='line_1_25' title="bbox 135 2364 1096 2448; baseline -0.001 -18"><span class='ocrx_word' id='word_1_169' title='bbox 135 2364 187 2430; x_wconf 86' lang='lat' dir='ltr'><strong>his</strong></span> <span class='ocrx_word' id='word_1_170' title='bbox 212 2365 356 2430; x_wconf 86' lang='lat' dir='ltr'><strong>succurri</strong></span> <span class='ocrx_word' id='word_1_171' title='bbox 378 2386 442 2431; x_wconf 91' lang='lat' dir='ltr'><strong>non</strong></span> <span class='ocrx_word' id='word_1_172' title='bbox 466 2365 573 2431; x_wconf 86' lang='lat' dir='ltr'><strong>liceat.</strong></span> <span class='ocrx_word' id='word_1_173' title='bbox 617 2365 814 2448; x_wconf 84' lang='lat' dir='ltr'><strong>„Abdicatus</strong></span> <span class='ocrx_word' id='word_1_174' title='bbox 837 2366 871 2431; x_wconf 91' lang='lat' dir='ltr'><strong>in</strong></span> <span class='ocrx_word' id='word_1_175' title='bbox 916 2387 1025 2431; x_wconf 90' lang='lat' dir='ltr'><strong>omum</strong></span> <span class='ocrx_word' id='word_1_176' title='bbox 1048 2386 1096 2430; x_wconf 89' lang='lat' dir='ltr'><strong>re·</strong></span> 
     </span>
     <span class='ocr_line' id='line_1_26' title="bbox 134 2452 1149 2539; baseline 0 -21"><span class='ocrx_word' id='word_1_177' title='bbox 134 2453 214 2538; x_wconf 87' lang='lat' dir='ltr'><strong>cipit</strong></span> <span class='ocrx_word' id='word_1_178' title='bbox 234 2456 267 2520; x_wconf 89' lang='lat' dir='ltr'><strong>et</strong></span> <span class='ocrx_word' id='word_1_179' title='bbox 284 2453 416 2538; x_wconf 84' lang='lat' dir='ltr'><strong>pascit.“</strong></span> <span class='ocrx_word' id='word_1_180' title='bbox 446 2452 500 2520; x_wconf 79' lang='lat' dir='ltr'><strong>Sic</strong></span> <span class='ocrx_word' id='word_1_181' title='bbox 518 2453 614 2537; x_wconf 90' lang='lat' dir='ltr'><strong>istud,</strong></span> <span class='ocrx_word' id='word_1_182' title='bbox 628 2459 797 2538; x_wconf 86' lang='lat' dir='ltr'><strong>tamquam</strong></span> <span class='ocrx_word' id='word_1_183' title='bbox 816 2453 999 2539; x_wconf 80' lang='lat' dir='ltr'><strong>sacrilegos,</strong></span> <span class='ocrx_word' id='word_1_184' title='bbox 1013 2457 1095 2518; x_wconf 84' lang='lat' dir='ltr'><strong>lam·</strong></span> <span class='ocrx_word' id='word_1_185' title='bbox 1115 2469 1149 2518; x_wconf 74' lang='lat' dir='ltr'><strong>aa</strong></span> 
     </span>
     <span class='ocr_line' id='line_1_27' title="bbox 135 2541 1096 2630; baseline -0.002 -24"><span class='ocrx_word' id='word_1_186' title='bbox 135 2563 234 2626; x_wconf 87' lang='lat' dir='ltr'><strong>quam</strong></span> <span class='ocrx_word' id='word_1_187' title='bbox 258 2541 448 2630; x_wconf 80' lang='lat' dir='ltr'><strong>homicidas,</strong></span> <span class='ocrx_word' id='word_1_188' title='bbox 469 2547 638 2627; x_wconf 87' lang='lat' dir='ltr'><strong>tamquam</strong></span> <span class='ocrx_word' id='word_1_189' title='bbox 661 2541 825 2607; x_wconf 80' lang='lat' dir='ltr'><strong>latrones?</strong></span> <span class='ocrx_word' id='word_1_190' title='bbox 860 2542 888 2606; x_wconf 88' lang='lat' dir='ltr'><strong>si</strong></span> <span class='ocrx_word' id='word_1_191' title='bbox 909 2546 978 2606; x_wconf 88' lang='lat' dir='ltr'><strong>tam</strong></span> <span class='ocrx_word' id='word_1_192' title='bbox 997 2560 1096 2627; x_wconf 82' lang='lat' dir='ltr'><strong>grave</strong></span> 
     </span>
     <span class='ocr_line' id='line_1_28' title="bbox 136 2628 1097 2715; baseline -0.004 -19"><span class='ocrx_word' id='word_1_193' title='bbox 136 2630 259 2696; x_wconf 87' lang='lat' dir='ltr'><strong>crimen</strong></span> <span class='ocrx_word' id='word_1_194' title='bbox 281 2633 332 2694; x_wconf 87' lang='lat' dir='ltr'><strong>est</strong></span> <span class='ocrx_word' id='word_1_195' title='bbox 350 2633 456 2696; x_wconf 88' lang='lat' dir='ltr'><strong>aetate</strong></span> <span class='ocrx_word' id='word_1_196' title='bbox 475 2630 552 2715; x_wconf 88' lang='lat' dir='ltr'><strong>labi,</strong></span> <span class='ocrx_word' id='word_1_197' title='bbox 576 2632 603 2696; x_wconf 88' lang='lat' dir='ltr'><strong>si</strong></span> <span class='ocrx_word' id='word_1_198' title='bbox 621 2635 691 2696; x_wconf 86' lang='lat' dir='ltr'><strong>tam</strong></span> <span class='ocrx_word' id='word_1_199' title='bbox 710 2629 908 2715; x_wconf 85' lang='lat' dir='ltr'><strong>inexpiabile</strong></span> <span class='ocrx_word' id='word_1_200' title='bbox 925 2628 1097 2693; x_wconf 88' lang='lat' dir='ltr'><strong>offendisse</strong></span> 
     </span>
     <span class='ocr_line' id='line_1_29' title="bbox 136 2715 1097 2804; baseline -0.003 -20"><span class='ocrx_word' id='word_1_201' title='bbox 136 2717 312 2804; x_wconf 86' lang='lat' dir='ltr'><strong>aliquando</strong></span> <span class='ocrx_word' id='word_1_202' title='bbox 344 2722 515 2803; x_wconf 87' lang='lat' dir='ltr'><strong>paternam</strong></span> <span class='ocrx_word' id='word_1_203' title='bbox 539 2720 759 2785; x_wconf 85' lang='lat' dir='ltr'><strong>severitatem:</strong></span> <span class='ocrx_word' id='word_1_204' title='bbox 790 2738 891 2783; x_wconf 86' lang='lat' dir='ltr'><strong>novas</strong></span> <span class='ocrx_word' id='word_1_205' title='bbox 915 2715 1097 2802; x_wconf 81' lang='lat' dir='ltr'><strong>excogitate</strong></span> 
     </span>
     <span class='ocr_line' id='line_1_30' title="bbox 135 2805 1096 2894; baseline -0.001 -23"><span class='ocrx_word' id='word_1_206' title='bbox 135 2807 241 2892; x_wconf 81' lang='lat' dir='ltr'><strong>legas,</strong></span> <span class='ocrx_word' id='word_1_207' title='bbox 268 2807 432 2893; x_wconf 80' lang='lat' dir='ltr'><strong>asperiora</strong></span> <span class='ocrx_word' id='word_1_208' title='bbox 460 2808 570 2894; x_wconf 82' lang='lat' dir='ltr'><strong>aliqua</strong></span> <span class='ocrx_word' id='word_1_209' title='bbox 602 2807 789 2875; x_wconf 86' lang='lat' dir='ltr'><strong>constituite</strong></span> <span class='ocrx_word' id='word_1_210' title='bbox 821 2805 987 2891; x_wconf 90' lang='lat' dir='ltr'><strong>supplicia.</strong></span> <span class='ocrx_word' id='word_1_211' title='bbox 1036 2805 1096 2871; x_wconf 90' lang='lat' dir='ltr'><strong>hos</strong></span> 
     </span>
     <span class='ocr_line' id='line_1_31' title="bbox 135 2894 1150 2983; baseline -0.002 -21"><span class='ocrx_word' id='word_1_212' title='bbox 135 2895 164 2962; x_wconf 88' lang='lat' dir='ltr'><strong>si</strong></span> <span class='ocrx_word' id='word_1_213' title='bbox 191 2917 322 2982; x_wconf 87' lang='lat' dir='ltr'><strong>pascere</strong></span> <span class='ocrx_word' id='word_1_214' title='bbox 349 2897 530 2983; x_wconf 87' lang='lat' dir='ltr'><strong>nonlicet,</strong></span> <span class='ocrx_word' id='word_1_215' title='bbox 556 2919 672 2981; x_wconf 90' lang='lat' dir='ltr'><strong>parum</strong></span> <span class='ocrx_word' id='word_1_216' title='bbox 695 2900 745 2962; x_wconf 81' lang='lat' dir='ltr'><strong>est</strong></span> <span class='ocrx_word' id='word_1_217' title='bbox 767 2896 924 2962; x_wconf 87' lang='lat' dir='ltr'><strong>abdicare.</strong></span> <span class='ocrx_word' id='word_1_218' title='bbox 966 2894 1096 2979; x_wconf 83' lang='lat' dir='ltr'><strong>Audite,</strong></span> <span class='ocrx_word' id='word_1_219' title='bbox 1115 2912 1150 2962; x_wconf 81' lang='lat'><strong>³0</strong></span> 
     </span>
    </p>
   </div>
   <div class='ocr_carea' id='block_1_5' title="bbox 207 3069 1097 3141">
    <p class='ocr_par' dir='ltr' id='par_1_6' title="bbox 207 3069 1097 3141">
     <span class='ocr_line' id='line_1_32' title="bbox 207 3069 1097 3141; baseline -0.001 -17"><span class='ocrx_word' id='word_1_220' title='bbox 207 3075 225 3124; x_wconf 81' lang='grc'><strong>8</strong></span> <span class='ocrx_word' id='word_1_221' title='bbox 244 3069 401 3126; x_wconf 86' lang='lat' dir='ltr'><strong>occisorum</strong></span> <span class='ocrx_word' id='word_1_222' title='bbox 420 3076 461 3124; x_wconf 72' lang='lat' dir='ltr'><strong>Aa</strong></span> <span class='ocrx_word' id='word_1_223' title='bbox 483 3073 492 3141; x_wconf 87' lang='grc' dir='ltr'><strong>ΙΙ</strong></span> <span class='ocrx_word' id='word_1_224' title='bbox 514 3077 531 3125; x_wconf 78' lang='lat'>4</span> <span class='ocrx_word' id='word_1_225' title='bbox 554 3071 716 3126; x_wconf 77' lang='lat' dir='ltr'><strong>adulatione</strong></span> <span class='ocrx_word' id='word_1_226' title='bbox 735 3070 826 3125; x_wconf 87' lang='lat' dir='ltr'><strong>multa</strong></span> <span class='ocrx_word' id='word_1_227' title='bbox 844 3073 880 3138; x_wconf 83' lang='grc' dir='ltr'><strong>Δ,</strong></span> <span class='ocrx_word' id='word_1_228' title='bbox 898 3069 942 3124; x_wconf 81' lang='lat' dir='ltr'><strong>-ad</strong></span> <span class='ocrx_word' id='word_1_229' title='bbox 960 3069 1097 3124; x_wconf 87' lang='lat' dir='ltr'><strong>ultionem</strong></span> 
     </span>
    </p>
   </div>
   <div class='ocr_carea' id='block_1_6' title="bbox 135 3144 1098 3513">
    <p class='ocr_par' dir='ltr' id='par_1_7' title="bbox 135 3144 1098 3513">
     <span class='ocr_line' id='line_1_33' title="bbox 135 3144 1098 3228; baseline 0 -16"><span class='ocrx_word' id='word_1_230' title='bbox 135 3157 256 3214; x_wconf 85' lang='lat' dir='ltr'><strong>multam</strong></span> <span class='ocrx_word' id='word_1_231' title='bbox 274 3159 366 3227; x_wconf 75' lang='grc'><strong>111110</strong></span> <span class='ocrx_word' id='word_1_232' title='bbox 385 3160 508 3214; x_wconf 68' lang='lat' dir='ltr'><strong>multa!</strong></span> <span class='ocrx_word' id='word_1_233' title='bbox 523 3161 532 3228; x_wconf 90' lang='lat' dir='ltr'><strong>l</strong></span> <span class='ocrx_word' id='word_1_234' title='bbox 546 3157 633 3213; x_wconf 90' lang='lat' dir='ltr'><strong>nihil</strong></span> <span class='ocrx_word' id='word_1_235' title='bbox 652 3175 726 3214; x_wconf 86' lang='lat' dir='ltr'><strong>esse</strong></span> <span class='ocrx_word' id='word_1_236' title='bbox 744 3144 797 3213; x_wconf 74' lang='lat' dir='ltr'><strong>int</strong></span> <span class='ocrx_word' id='word_1_237' title='bbox 816 3158 951 3214; x_wconf 88' lang='lat' dir='ltr'><strong>laudem</strong></span> <span class='ocrx_word' id='word_1_238' title='bbox 969 3173 1098 3228; x_wconf 79' lang='lat' dir='ltr'><strong>genera</strong></span> 
     </span>
     <span class='ocr_line' id='line_1_34' title="bbox 136 3229 1097 3299; baseline -0.001 -16"><span class='ocrx_word' id='word_1_239' title='bbox 136 3229 321 3285; x_wconf 83' lang='lat' dir='ltr'><strong>sublimius</strong></span> <span class='ocrx_word' id='word_1_240' title='bbox 347 3247 445 3299; x_wconf 85' lang='lat' dir='ltr'><strong>quam</strong></span> <span class='ocrx_word' id='word_1_241' title='bbox 469 3230 663 3286; x_wconf 90' lang='lat' dir='ltr'><strong>hominibus</strong></span> <span class='ocrx_word' id='word_1_242' title='bbox 689 3229 854 3284; x_wconf 71' lang='lat' dir='ltr'><strong>alimonia</strong></span> <span class='ocrx_word' id='word_1_243' title='bbox 881 3247 947 3285; x_wconf 91' lang='lat' dir='ltr'><strong>non</strong></span> <span class='ocrx_word' id='word_1_244' title='bbox 972 3245 1097 3298; x_wconf 78' lang='lat' dir='ltr'><strong>negare</strong></span> 
     </span>
     <span class='ocr_line' id='line_1_35' title="bbox 137 3296 1097 3422; baseline 0.002 -69"><span class='ocrx_word' id='word_1_245' title='bbox 137 3301 182 3369; x_wconf 84' lang='grc' dir='ltr'><strong>ΔΙΙ</strong></span> <span class='ocrx_word' id='word_1_246' title='bbox 198 3306 230 3355; x_wconf 82' lang='grc'><strong>17</strong></span> <span class='ocrx_word' id='word_1_247' title='bbox 251 3299 475 3371; x_wconf 62' lang='lat' dir='ltr'><strong>continuitate)</strong></span> <span class='ocrx_word' id='word_1_248' title='bbox 492 3300 536 3356; x_wconf 86' lang='lat' dir='ltr'><strong>Ro</strong></span> <span class='ocrx_word' id='word_1_249' title='bbox 549 3301 558 3370; x_wconf 74' lang='lat' dir='ltr'>u</span> <span class='ocrx_word' id='word_1_250' title='bbox 574 3304 606 3355; x_wconf 79' lang='lat'><strong>18</strong></span> <span class='ocrx_word' id='word_1_251' title='bbox 626 3301 675 3371; x_wconf 88' lang='lat' dir='ltr'><strong>qni</strong></span> <span class='ocrx_word' id='word_1_252' title='bbox 693 3301 846 3422; x_wconf 55' lang='lat' dir='ltr'><strong>om&#39;nlw</strong></span> <span class='ocrx_word' id='word_1_253' title='bbox 862 3296 893 3342; x_wconf 90' lang='grc' dir='ltr'>Ν</span> <span class='ocrx_word' id='word_1_254' title='bbox 910 3301 955 3370; x_wconf 64' lang='grc' dir='ltr'><strong>ΔΗ</strong></span> <span class='ocrx_word' id='word_1_255' title='bbox 969 3305 1003 3353; x_wconf 88' lang='grc'><strong>22</strong></span> <span class='ocrx_word' id='word_1_256' title='bbox 1022 3316 1097 3370; x_wconf 86' lang='lat' dir='ltr'><strong>pro·</strong></span> 
     </span>
     <span class='ocr_line' id='line_1_36' title="bbox 137 3369 1097 3442; baseline -0.002 -17"><span class='ocrx_word' id='word_1_257' title='bbox 137 3372 196 3441; x_wconf 62' lang='lat' dir='ltr'><strong>rofi</strong></span> <span class='ocrx_word' id='word_1_258' title='bbox 212 3375 244 3438; x_wconf 76' lang='grc' dir='ltr'><strong>Δ,</strong></span> <span class='ocrx_word' id='word_1_259' title='bbox 264 3373 298 3438; x_wconf 78' lang='lat' dir='ltr'><strong>cf.</strong></span> <span class='ocrx_word' id='word_1_260' title='bbox 317 3387 384 3427; x_wconf 81' lang='lat' dir='ltr'><strong>cers.</strong></span> <span class='ocrx_word' id='word_1_261' title='bbox 401 3374 508 3442; x_wconf 74' lang='grc'><strong>171125</strong></span> <span class='ocrx_word' id='word_1_262' title='bbox 527 3375 660 3440; x_wconf 82' lang='lat' dir='ltr'><strong>tanquam</strong></span> <span class='ocrx_word' id='word_1_263' title='bbox 679 3369 785 3426; x_wconf 90' lang='lat' dir='ltr'><strong>homici</strong></span> <span class='ocrx_word' id='word_1_264' title='bbox 805 3387 835 3426; x_wconf 89' lang='lat' dir='ltr'><strong>as</strong></span> <span class='ocrx_word' id='word_1_265' title='bbox 854 3384 903 3425; x_wconf 90' lang='lat' dir='ltr'><strong>om.</strong></span> <span class='ocrx_word' id='word_1_266' title='bbox 923 3373 1016 3440; x_wconf 71' lang='grc'>11180</span> <span class='ocrx_word' id='word_1_267' title='bbox 1034 3387 1097 3441; x_wconf 90' lang='lat' dir='ltr'><strong>par-</strong></span> 
     </span>
     <span class='ocr_line' id='line_1_37' title="bbox 137 3442 577 3513; baseline 0 -18"><span class='ocrx_word' id='word_1_268' title='bbox 137 3457 203 3496; x_wconf 82' lang='lat' dir='ltr'><strong>vum</strong></span> <span class='ocrx_word' id='word_1_269' title='bbox 220 3445 241 3496; x_wconf 80' lang='lat' dir='ltr'>B</span> <span class='ocrx_word' id='word_1_270' title='bbox 255 3444 264 3512; x_wconf 74' lang='lat' dir='ltr'><strong>ll</strong></span> <span class='ocrx_word' id='word_1_271' title='bbox 279 3442 374 3499; x_wconf 81' lang='lat' dir='ltr'><strong>audite</strong></span> <span class='ocrx_word' id='word_1_272' title='bbox 394 3443 489 3499; x_wconf 83' lang='lat' dir='ltr'><strong>audite</strong></span> <span class='ocrx_word' id='word_1_273' title='bbox 508 3461 534 3513; x_wconf 90' lang='lat' dir='ltr'><strong>p.</strong></span> <span class='ocrx_word' id='word_1_274' title='bbox 554 3448 577 3495; x_wconf 86' lang='grc' dir='ltr'><strong>Δ</strong></span> 
     </span>
    </p>
   </div>
   <div class='ocr_carea' id='block_1_7' title="bbox 191 3527 939 3594">
    <p class='ocr_par' dir='ltr' id='par_1_8' title="bbox 191 3527 939 3594">
     <span class='ocr_line' id='line_1_38' title="bbox 191 3527 939 3594; baseline 0.001 -13"><span class='ocrx_word' id='word_1_275' title='bbox 191 3539 558 3594; x_wconf 72' lang='lat' dir='ltr'><strong>cunciranroeo1.,0c.auur.</strong></span> <span class='ocrx_word' id='word_1_276' title='bbox 644 3527 648 3533; x_wconf 89' lang='lat'>&#39;</span> <span class='ocrx_word' id='word_1_277' title='bbox 923 3533 939 3582; x_wconf 74' lang='grc' dir='ltr'>ὅ</span> 
     </span>
    </p>
   </div>
   <div class='ocr_carea' id='block_1_8' title="bbox 0 0 1349 3968">
    <p class='ocr_par' dir='ltr' id='par_1_9' title="bbox 0 0 1349 3968">
     <span class='ocr_line' id='line_1_39' title="bbox 0 0 1349 3968; baseline 0 0"><span class='ocrx_word' id='word_1_278' title='bbox 0 0 1349 3968; x_wconf 95' lang='lat' dir='ltr'><strong> </strong></span> 
     </span>
    </p>
   </div>
  </div>
 </body>
</html>
