2668 3968
391 151 715 212 onetffllrlomrs.
732 156 863 213 cmxv.
1062 160 1105 226 81

138 318 216 403 plus
243 337 342 402 quem
369 315 539 382 dimidiam
560 323 690 402 partem
712 320 902 404 patrimonii
923 322 1106 407 relinquere

140 406 283 471 feminae
313 427 381 470 uon
409 406 519 488 liceat,
551 429 623 472 eum
656 429 697 472 ex
722 408 791 474 illis
817 410 910 474 nulls
939 409 1107 490 dimidiam

140 499 269 579 partem
292 494 461 577 aooeperit
496 495 564 560 sive
587 495 628 560 ad
650 500 755 562 totum
776 519 836 562 nos
861 519 958 564 voces
976 521 1106 584 eompu-

140 584 314 650 tationem:
346 581 431 648 nihil
457 583 608 667 interest,
639 590 796 669 quantum
826 587 943 671 cuique
964 588 1107 652 feminae

139 673 354 756 relinquetur.
400 669 507 748 Quid?
538 673 567 737 si
598 695 640 738 ne
667 675 752 738 ratio
784 675 913 759 quidem
943 681 1141 763 repugnett

144 761 269 846 scripto
293 765 327 828 et
348 761 456 825 verbis
478 762 562 846 legis
585 763 703 828 istius?
725 764 803 847 quid
825 765 912 830 enim
933 770 1031 848 putes
1050 788 1106 830 vo·

141 850 244 916 luisse
265 849 522 935 legislatorem,
546 872 618 916 oum
641 851 704 917 hoe
725 853 776 916 ius
799 853 1034 920 constitueret?
1066 875 1108 918 ne

141 939 282 1004 feminae
305 939 424 1004 nimiss
442 961 521 1023 opes
539 939 752 1024 possiderent,
773 963 815 1007 ne
832 943 983 1025 potentis
995 965 1107 1008 earum

141 1029 259 1094 civitas
277 1031 487 1111 premeretur.
519 1027 583 1093 hoe
601 1048 680 1112 ergo
700 1029 854 1095 adversus
873 1032 1018 1117 singulas
1032 1053 1108 1097 eon·

139 1117 267 1200 stituit,
295 1120 330 1182 et
356 1115 399 1180 ed
421 1116 589 1182 evitandas
618 1139 697 1202 opes
723 1118 918 1186 feminarum
940 1122 1022 1186 satis
1044 1121 1107 1186 hoo
1127 1137 1160 1186 ιο

140 1205 342 1290 quaesitum,
368 1227 410 1270 ne
436 1205 495 1272 uni
515 1205 590 1288 plus
618 1228 716 1290 quem
743 1207 878 1273 dimidia
906 1231 983 1293 pers
1006 1210 1107 1292 patri-

141 1294 247 1360 monii
282 1295 528 1378 relinqueretur.
583 1300 729 1360 oeterum
765 1295 895 1380 quidem
928 1296 1012 1362 illud
1040 1319 1109 1362 non

141 1385 300 1448 caverunt
318 1383 417 1468 leges,
434 1405 476 1448 ne
494 1383 603 1465 plnres
622 1383 762 1450 feminae
781 1385 895 1450 eodem
908 1388 1106 1450 testamento

140 1471 376 1556 scriberentur3
407 1493 475 1537 non
502 1471 635 1538 hercule
661 1474 780 1558 magis,
812 1495 911 1557 quem
944 1473 1041 1556 illud,
1067 1494 1107 1538 ue

13 1583 14 1616 l
139 1560 253 1644 plures
276 1561 475 1626 hereditates
498 1559 612 1626 iisdem
634 1560 765 1626 feminis
784 1562 1054 1646 relinquerentur.
1127 1577 1160 1626 15

458 1777 462 1788 ’
541 1825 704 1894 oonxv,
783 1898 786 1904 ,

294 1949 535 2031 Ignominiosi
558 1951 724 2034 pulsator
746 1952 784 2016 in
807 1952 955 2035 templo.

137 2068 180 2140 '81
200 2092 280 2152 Qms
298 2093 336 2140 m
356 2093 498 2142 ueneno
518 2093 997 2161 [ulnulhurncemr,n1ocnu
1009 2095 1110 2144 MILIA

232 2182 305 2228 mer
328 2182 372 2247 sl,
400 2180 458 2230 cm
486 2181 985 2248 mmnlnnnscnulr‚n1ecsu
1007 2183 1109 2230 mum

233 2269 723 2320 cmrlr1.1orsou1mosonu
747 2271 800 2319 sm
825 2271 931 2320 homo
955 2271 1106 2318 mmm·
1125 2267 1160 2317 20

233 2359 317 2406 num
337 2339 476 2416 Quidem
489 2341 744 2426 ignominiosum
762 2343 905 2426 pulsavit
923 2342 1110 2426 intemp103

234 2430 344 2496 decern
367 2429 459 2497 milio
475 2430 560 2514 petit
578 2431 791 2514 magistratus
810 2431 942 2496 nomine
957 2430 1111 2498 civitatis.

404 2605 408 2612 '
458 2621 794 2690 euenturum.

211 2744 248 2812 Si
261 2747 368 2831 pudor
382 2747 652 2813 sommendendus
667 2751 727 2831 est,
746 2747 837 2812 euius
852 2745 1046 2812 difficillimo
1059 2768 1110 2812 ra-

144 2836 194 2902 tio
218 2840 269 2901 est
290 2836 326 2900 in
348 2835 407 2901 lite
428 2837 630 2920 pecuniario:
657 2857 725 2901 non
746 2837 842 2901 nobis
865 2835 1043 2920 litigemus,
1073 2858 1110 2901 eo
1128 2849 1164 2899 25

143 2945 186 2990 ne
213 2924 261 2989 rei
287 2923 439 3008 publicae
468 2924 597 3008 quidem
625 2929 659 2990 et
686 2925 828 2990 civitatis
856 2925 989 2989 nomine
1020 2926 1111 2991 everi

144 3034 271 3097 snmus,
298 3013 437 3078 ethaeo
467 3013 573 3078 omnis
603 3013 689 3078 notio
717 3018 875 3080 nontam
897 3013 980 3078 lueri
1003 3013 1110 3097 gratie

144 3105 178 3166 et
201 3100 420 3213 adquirendae
442 3101 538 3166 huius
561 3101 718 3185 pecuniae
737 3101 917 3167 constitute
936 3104 995 3185 est,
1013 3121 1111 3186 quem

216 3297 234 3348 t
253 3255 322 3361 quid
342 3309 408 3360 sene
426 3297 447 3346 Ι
485 3299 501 3348 6
521 3291 636 3362 seriptis
651 3297 691 3346 Ae
703 3293 713 3362 ΙΙ
728 3297 743 3346 7
757 3308 808 3348 nee
826 3291 966 3361 sennan
980 3297 996 3348 8
1016 3309 1111 3348 earum

144 3379 196 3419 om.
214 3367 239 3424 Δ,
259 3363 270 3432 ΙΙ
293 3369 328 3419 10
346 3362 476 3420 vitandos
494 3368 514 3416 B
532 3366 542 3435 ΙΙ
562 3369 594 3418 16
613 3361 721 3418 hisdem
740 3366 822 3430 Aes,
840 3363 961 3418 hiisdem
978 3368 1019 3417 Ab
1045 3365 1054 3434 ss
1078 3370 1111 3418 19

144 3433 542 3503 milieom.hutlritohs
1098 3430 1135 3486 f

199 3533 342 3583 Quintilliani
355 3533 419 3585 dest,
433 3533 467 3574 ed.
482 3533 565 3574 Bittsr.
935 3529 951 3576 6
