2692 3960
395 138 713 197 DECLAMATIONES.
734 139 912 196 CCCXXXV.
1075 138 1139 203 317

177 306 266 371 ditor
294 305 429 370 solvere.
475 323 553 388 ergo
577 306 734 388 quantum
757 303 792 366 in
815 303 879 368 isto
903 306 966 385 est,
995 301 1142 386 proditor

177 394 271 461 vivit:
298 414 358 459 neo
377 393 460 458 vivit
481 396 626 477 tantum,
650 391 705 456 sed
728 391 828 457 etiam
850 390 1023 456 insidiatur
1046 394 1078 456 et
1101 388 1142 455 ad

178 483 241 549 hoo
268 480 464 548 necessitate
493 480 637 547 solvendi
660 484 807 565 urgetur:
841 479 994 546 addidisti
1015 477 1142 545 homini

177 570 410 636 nocentissimo
438 570 592 654 pecuniae
619 569 857 636 necessitatem.
909 567 994 633 unde
1021 570 1143 650 tempo-

178 682 252 725 rum
280 662 406 724 mutata
428 658 572 724 condicio
596 657 668 724 est?
712 658 884 742 pecuniam
913 678 980 722 non
1008 655 1178 739 accipie-t

178 749 252 814 bas:
279 748 326 814 ita
352 768 438 813 nune
468 747 520 812 illi
544 747 628 833 qnod
650 748 785 832 punitus
809 751 872 830 est,
900 767 1022 811 meroes
1045 743 1142 810 huius

181 837 347 902 vindicata
370 835 442 902 est?
469 860 523 902 -ε
546 837 717 921 pecuniam
739 857 806 903 non
830 838 1006 920 aooeperat.
1078 921 1083 930 ·

545 1009 777 1080 CCCXXXV.

232 1193 234 1198 .
324 1134 480 1204 Infamis
502 1135 542 1201 in
564 1150 754 1203 novercam
777 1133 999 1201 vulneratus.

180 1258 319 1326 Infamis
347 1260 383 1326 in
411 1282 585 1326 novercam
608 1282 682 1326 sum
703 1264 797 1345 patre
820 1280 956 1345 peregre
978 1260 1144 1344 profectus
1166 1274 1199 1323 10

271 1353 329 1414 est.
352 1371 425 1416 oum
444 1350 478 1414 in
497 1350 641 1414 latrones
655 1349 855 1432 incidissent,
873 1348 1035 1433 fugerunt.
1053 1352 1147 1432 peter

270 1459 418 1504 reversus
447 1437 612 1504 adulteros
643 1438 784 1504 inolusos
808 1438 842 1502 in
865 1437 1012 1502 eubiculo
1037 1436 1146 1520 depre-

272 1525 396 1594 hendit.
438 1526 556 1594 oceidit
579 1549 723 1610 uxorem,
746 1526 929 1592 aduiteram
951 1524 1147 1608 vulneravit3

271 1614 301 1680 is
324 1615 417 1699 fugit.
458 1621 574 1701 postea
595 1615 785 1681 vulneratus
807 1615 893 1680 filius
916 1614 1015 1680 venit.
1049 1613 1147 1681 inter·

273 1706 403 1790 rogavit
420 1725 495 1770 eum
513 1708 616 1790 pater,
635 1727 655 1770 a
674 1727 738 1789 qno
757 1704 945 1775 vulneratus
965 1705 1058 1768 esset.
1092 1703 1147 1766 ille
1167 1717 1200 1766 15

274 1815 294 1857 a
311 1792 494 1860 latronibus
518 1794 608 1860 dixit.
641 1794 767 1860 curavit
785 1814 859 1859 eum
877 1795 972 1876 pater
991 1795 1024 1856 et
1042 1790 1148 1856 reddit

269 1902 389 1948 -eausas
413 1881 530 1949 mortis
554 1881 765 1949 voluntariae.
801 1881 889 1946 filius
909 1879 947 1947 Ὀ.
970 1879 1010 1947 Ι).

494 2057 836 2126 DECLAMATIO.

251 2181 416 2246 Adversus
445 2183 532 2247 mala
558 2187 591 2247 et
618 2183 754 2247 iniurias
783 2182 936 2248 fortunae
959 2185 992 2247 et
1015 2202 1149 2267 gravem

185 2269 350 2353 plerisque
376 2269 480 2334 vitam
508 2292 607 2335 unum
629 2273 748 2336 natura
770 2269 949 2336 remedium
971 2270 1149 2356 invenerat,
1167 2283 1202 2334 2ο

185 2359 333 2423 mortem.
375 2377 434 2422 neo
457 2358 629 2443 qnisquam
652 2361 763 2442 potest
784 2361 853 2422 tam
877 2359 1016 2424 erudelis
1039 2360 1150 2446 legum

167 2447 272 2513 =lator
294 2445 405 2531 fuisse,
428 2446 483 2531 qui
505 2445 673 2512 hominem
694 2447 901 2512 innocentem
919 2448 986 2512 vita
1004 2449 1149 2532 puniret3

185 2557 259 2602 aum
282 2538 316 2600 et
333 2535 397 2600 hoe
415 2535 523 2619 ipsum
543 2534 586 2600 sit
600 2533 799 2600 calamitatis
817 2555 931 2620 genus,
954 2535 1039 2600 mori
1057 2536 1151 2602 velle.

185 2623 370 2691 necessaria
392 2626 503 2690 tamen
525 2626 636 2690 vestra
656 2622 802 2707 cognitio
822 2626 881 2706 est,
905 2625 969 2704 [ut]
990 2644 1057 2688 non
1075 2624 1151 2709 quia

184 2712 274 2778 istud
300 2713 441 2779 liberum
469 2733 539 2779 esse
566 2711 794 2778 innocentibus
822 2732 888 2776 non
919 2715 1063 2796 oportet,
1095 2711 1152 2776 sed
1171 2723 1204 2773 so

186 2801 263 2885 quia
278 2801 376 2867 multi
390 2805 474 2887 sunt,
492 2801 548 2887 qui
568 2802 613 2867 sio
633 2800 1099 2888 eonscientiam†emittunt†:
1118 2803 1152 2866 et

188 2889 261 2955 ideo
281 2890 441 2955 adiectum
461 2894 512 2956 est
529 2890 684 2957 damnum
703 2889 900 2975 sepulturae,
921 2912 963 2956 ne
983 2911 1017 2956 se
1035 2893 1152 2975 putent

259 3069 276 3118 2
295 3062 443 3118 insidiator
460 3067 481 3116 B
504 3066 513 3135 ΙΙ
536 3071 553 3120 3
572 3065 655 3136 urget
673 3069 715 3117 Δι
736 3066 745 3135 ΙΙ
764 3071 781 3119 4
799 3064 873 3119 unde
891 3067 987 3120 tamen
1004 3066 1153 3134 pactorum

187 3135 242 3192 Set
255 3135 295 3205 ΙΙῠ
314 3136 357 3190 est
376 3133 499 3190 conditio
518 3138 559 3188 Δι
571 3137 581 3206 t}
595 3135 728 3205 cupiebas
746 3140 766 3186 Ρ
784 3136 793 3204 ΙΙ
815 3141 848 3190 16
867 3133 993 3190 reddidit
1010 3136 1054 3204 311
1069 3141 1102 3191 17
1120 3135 1152 3188 fi·
1221 3134 1223 3139 '

189 3205 244 3260 lius
264 3221 288 3260 o.
308 3205 335 3264 d.
354 3221 405 3262 om.
423 3207 515 3278 12218
534 3204 692 3262 Declamas
716 3203 804 3260 Filius
823 3205 868 3262 od.
886 3207 930 3276 ΒΙΙ
953 3211 987 3261 21
1007 3221 1044 3260 ns
1060 3206 1154 3276 121224

191 3276 248 3348 [ut]
268 3275 313 3332 Ro
331 3283 357 3333 et
374 3276 423 3346 Re,
441 3276 539 3346 utique
557 3277 639 3348 eddtt
657 3276 831 3347 figurata
849 3277 1030 3333 acerrime
1049 3276 1154 3333 diota

118 3343 132 3363 ‘
190 3349 214 3399 Δ
240 3347 250 3417 t
277 3354 317 3470 ἓξ
330 3348 466 3406 amittunt
483 3353 518 3420 B,
542 3348 651 3405 evitant
669 3346 736 3416 son,
762 3345 900 3417 effugiunt
917 3347 962 3405 Ro
988 3351 997 3420 ΙΙ
1024 3353 1059 3404 27
1078 3352 1101 3404 (ν
1121 3348 1154 3404 in

189 3432 275 3490 moro.
