2640 3968
213 191 278 247 XIV
585 189 801 245 PRAEFATIO.

212 358 282 398 nam
314 339 526 399 bibliothecam
558 338 688 414 legimus
721 339 752 398 in
784 332 897 398 Blamii
926 340 1038 402 Itinere
1069 344 1176 406 Italico

214 430 391 520 (Gottingae
419 439 518 512 1834,
548 436 592 495 IV
614 457 644 512 p.
668 439 731 496 227
753 428 820 518 sq).
866 438 931 497 Iam
962 440 1039 499 illud
1070 442 1178 518 incipit

213 534 398 594 simillimum
421 534 486 595 veri
508 533 587 606 fieri,
611 531 804 611 Ohigianum,
827 535 864 594 dc
886 555 945 611 quc
969 537 1061 613 supra
1083 540 1176 601 locuti

213 651 325 710 sumus,
348 632 460 692 librum
484 629 516 706 0,
540 629 722 707 descriptam
745 650 810 692 esse
834 651 869 692 ex
891 633 945 692 illo
964 631 1175 712 Campaniano,
1242 706 1247 714 ¹

213 730 297 789 cuius
330 729 489 790 manifesto
518 728 556 788 ab
584 727 696 788 eisdem
721 729 822 790 verbis
841 731 961 790 initium
978 726 1077 814 fait.)
1115 735 1179 796 Nec

210 828 310 888 minus
324 828 359 903 B,
383 826 536 886 artissime
556 825 661 885 cumC
680 827 865 902 coniunctus,
888 848 981 905 prope
1000 833 1174 907 contingere

210 925 249 984 ad
270 925 346 984 illud
368 928 457 985 vetus
482 924 635 999 exemplar
657 924 784 984 ridetur.
821 923 905 994 Quod
929 943 996 984 cam
1018 925 1174 987 inventam

210 1024 251 1083 sit
273 1023 305 1082 in
328 1022 497 1099 Germania,
519 1022 571 1082 ubi
593 1021 662 1080 inde
686 1022 724 1081 ab
747 1021 799 1081 illo
823 1023 960 1098 tempore
982 1023 1100 1084 nullum
1123 1025 1174 1084 ha-

210 1140 277 1180 rum
305 1119 555 1180 declamationum
584 1120 699 1180 certum
726 1118 891 1196 vestigium
919 1123 981 1196 est,
995 1110 1108 1182 ‘nescio
1135 1141 1175 1182 an

210 1221 310 1294 ipsam
333 1217 425 1278 firerit
448 1218 525 1277 illud
539 1216 701 1294 Agricolae
723 1220 829 1276 notum
851 1223 883 1275 et
905 1217 944 1276 ab
963 1235 998 1276 eo
1016 1218 1172 1279 laudatum

159 1381 165 1392 ,
210 1316 370 1391 exemplar.

276 1412 418 1474 Fortasse
447 1412 527 1472 idem
554 1412 727 1489 deperditus
757 1411 834 1472 liber
855 1414 1040 1472 memoratur
1064 1416 1096 1473 et
1121 1415 1172 1474 de·

210 1511 352 1572 scribitur
365 1511 457 1570 tertia
475 1511 512 1569 de
532 1509 631 1570 codice
649 1509 899 1568 declamationum
923 1509 1004 1568 facta
1022 1511 1173 1572 mentione

208 1609 247 1668 ab
266 1627 301 1668 eo
315 1609 366 1684 qui
379 1608 545 1683 principem
559 1608 721 1666 editionem
735 1607 866 1684 curavit,
884 1607 1026 1668 Thadaeo
1041 1609 1171 1685 Ugoleto

208 1706 373 1782 Parmensi,
387 1706 568 1764 ann01494.
591 1703 649 1773 Qui
658 1704 690 1763 in
705 1702 893 1780 praefatione
905 1723 990 1781 „cum
1000 1723 1056 1782 me,
1066 1705 1173 1784 inquit,

208 1821 400 1879 provocares,
423 1804 458 1862 ut
487 1802 526 1860 M.
554 1801 642 1861 Fabii
670 1800 848 1871 Quintiliani
877 1846 883 1860 .
909 1847 916 1862 .
940 1801 1171 1866 declamationes

209 1901 422 1960 emendarem.
441 1903 517 1961 ,aut
531 1900 638 1959 saltem
657 1899 890 1976 qualescumque
905 1899 985 1975 apud
1004 1918 1052 1959 me
1071 1907 1172 1962 essent

208 1997 440 2074 impressoribus
459 1997 593 2074 quotidie
612 1997 852 2074 efflagitantibus
865 1998 1024 2075 madorem,
1035 2043 1059 2056 ..
1075 1979 1172 2061 inboc

208 2115 299 2172 quam
322 2095 461 2155 lubenter
484 2095 636 2172 adquievi,
660 2094 692 2152 in
714 2095 810 2154 altero
834 2095 918 2152 enixe
940 2092 1127 2170 repugnari“
1141 2141 1170 2158 ..

207 2197 251 2270 ct,
274 2211 342 2253 cum
365 2193 462 2252 malta
485 2194 649 2270 depravata
671 2195 773 2254 essent
795 2194 846 2270 „in
864 2192 911 2250 his
930 2190 1015 2250 libris
1034 2194 1171 2272 corrosis,

278 2348 304 2413 *)
325 2351 375 2400 136
394 2345 510 2414 quidem
529 2345 687 2416 Campanus
705 2343 925 2399 declamationes
946 2344 1096 2411 memorat3
1120 2345 1170 2400 sed

205 2431 258 2472 nec
277 2416 436 2471 Parmensis
461 2416 547 2472 editio
572 2417 666 2485 plures
684 2413 839 2485 promittit,
862 2410 999 2482 neglectis
1019 2413 1077 2468 illis
1096 2432 1168 2483 qnae

205 2489 355 2558 practerea
381 2487 508 2542 continet
532 2485 744 2542 declamationis
769 2491 848 2540 ΙΨ
870 2485 926 2551 (no.
946 2483 1010 2552 262)
1033 2485 1169 2554 reliquiis.

207 2558 288 2625 Quod
310 2562 406 2614 autem
429 2565 482 2614 360
500 2559 615 2629 plenam
638 2574 784 2612 numerum
807 2557 893 2610 fuisse
917 2555 1063 2609 contendit
1086 2559 1115 2611 et
1134 2558 1168 2613 de

205 2628 349 2685 Calfnrnio
369 2630 484 2698 Flacco,
508 2646 564 2684 non
582 2628 746 2698 Calpurnio,
770 2627 897 2696 loquitur
921 2624 1027 2693 siquis
1046 2627 1169 2684 voluerit

206 2703 236 2756 in
251 2701 448 2771 argumentum
463 2702 562 2755 contra
575 2716 626 2754 nos
640 2699 787 2765 adducere,
801 2699 852 2752 illa
867 2694 971 2750 obicio:
986 2696 1077 2752 videri
1088 2697 1169 2753 Gam-

204 2790 322 2843 panum,
349 2789 412 2826 cam
436 2787 583 2825 censuram
607 2786 687 2824 snam
710 2769 903 2838 componeret,
930 2765 1057 2822 codicem
1074 2769 1168 2838 ipsum

205 2859 262 2898 non
276 2858 371 2898 secam
386 2840 516 2896 habuisse
531 2840 581 2894 aed
595 2839 718 2894 scribere
732 2839 767 2894 de
780 2839 858 2908 prins
873 2837 1025 2907 aliquando
1039 2838 1167 2909 inspecto

205 2915 290 2983 atque
308 2913 447 2968 facillime
466 2913 508 2966 ita
525 2911 650 2981 potuisse
664 2910 734 2979 fieri,
754 2913 857 2965 utnon
870 2910 954 2964 modo
969 2910 1071 2964 calami
1084 2911 1167 2980 lapsu

205 2986 255 3039 sed
282 2985 369 3039 etiam
397 2981 548 3037 memoriae
576 2997 669 3036 errore
695 2980 803 3051 aliquid
827 2981 999 3052 peccaretur.
1042 2981 1167 3038 Senecae

204 3072 271 3138 vero
289 3051 534 3138 praetermittendi
553 3053 594 3106 eis
613 3051 662 3136 qui
680 3053 768 3137 libros
782 3053 805 3106 B
820 3056 850 3108 et
863 3051 884 3107 O
898 3050 1071 3136 scripserunt
1082 3053 1167 3177 plequa

204 3126 416 3267 {titillat
439 3126 603 3263 ᾎἛιῗῗέ
617 3125 768 3270 team
784 3126 1166 3251 tsttttttsat

207 3273 278 3322 1490
297 3269 327 3320 et
346 3271 429 3334 1492,
448 3266 682 3322 verisimillimum
701 3268 745 3322 est
764 3269 809 3338 (cf.
828 3285 856 3338 p,
875 3264 980 3332 ΧΨ).
1016 3263 1070 3318 Illa
1088 3265 1165 3320 deni·

204 3355 258 3408 que
288 3337 416 3392 ‘Antonii
439 3336 553 3392 Iuliani'
583 3341 613 3394 ct
643 3338 881 3408 ‘Extemporanca
904 3333 1084 3404 Quintiliani,
1116 3351 1166 3390 nc·

203 3409 324 3535 minabett
337 3407 436 3464 titulos
451 3408 558 3477 inanes,
577 3407 608 3463 in
622 3409 799 3480 transcriptis
813 3409 893 3464 libris
908 3405 1069 3476 desiderari,
1082 3421 1165 3462 nemo

203 3497 274 3535 mrra
294 3499 359 3537 1ar.
