2640 3968
400 137 410 162 ⁰
517 163 734 220 suessano.
1038 161 1104 219 xxi

139 331 177 374 an
200 313 330 374 eundem
358 313 488 374 codicem
515 314 628 390 duplici
650 314 735 391 signo
758 315 961 376 notaverimus
984 336 1004 372 α
1026 316 1058 374 et
1080 313 1106 392 1,

138 412 195 472 hoc
227 415 288 490 est,
324 430 363 470 an
395 430 431 470 er
465 410 569 471 eodem
601 411 764 488 exemplari
795 411 963 488 descriptus
1000 411 1105 470 haberi

138 510 237 586 possit
261 509 291 570 A
321 511 353 568 et
378 510 455 568 liber
484 509 636 586 Campani.
681 509 725 570 At
751 509 802 569 vix
827 509 953 585 poterit,
981 511 1016 568 ut
1043 509 1104 584 opi·
1203 587 1207 596 ,

138 625 207 666 nor:
241 607 301 666 nisi
332 605 411 668 forto
443 606 481 664 ad
511 607 543 665 id
571 606 773 682 confugimus,
804 606 953 683 accepisse
981 604 1105 681 Campa·

138 723 213 764 num
249 697 317 785 (vel
348 697 612 784 Piccolominium)
648 705 760 764 librum
790 723 851 766 non
886 704 1037 780 integrum
1075 707 1106 764 et

137 802 329 862 intercidisse
365 803 468 880 aliqua
500 799 572 862 dum
605 801 683 862 liber
712 821 749 861 ex
784 799 962 862 Germanica
998 800 1105 860 biblio-

138 899 229 960 theca
265 899 447 960 transfertur
481 899 513 958 in
545 894 715 960 Senense'm.
760 898 884 976 Integer
916 899 997 958 enim
1028 898 1105 958 liber

138 998 167 1058 si
194 1015 255 1056 nou
281 997 350 1072 plus
376 997 438 1057 136
468 988 532 1077 (vel
556 989 636 1075 137)
665 995 897 1057 declamationes
925 995 1104 1070 continebat,

137 1095 176 1153 ut
198 1094 366 1170 descriptus
390 1095 431 1154 sit
453 1114 489 1154 er
511 1117 545 1169 α,
571 1095 720 1156 recentior
743 1097 809 1154 erat
832 1113 922 1170 quam
944 1093 986 1168 A3
1015 1099 1047 1152 at
1070 1094 1105 1152 li-

137 1197 225 1252 terae
248 1190 326 1266 eius,
349 1191 376 1252 si
397 1193 545 1252 credimus
569 1192 734 1269 Campano,
758 1195 845 1254 erant
867 1192 1103 1268 antiquissimae,

138 1292 172 1348 et
194 1288 277 1350 haud
299 1289 387 1350 facile
409 1291 612 1365 persuaserim
634 1290 709 1350 mihi
731 1291 809 1350 hunc
828 1290 935 1366 virum,
960 1288 1011 1366 qui
1029 1289 1105 1347 mul-

138 1391 205 1464 tus,
229 1389 265 1446 ut
287 1387 434 1462 epistolae
456 1387 521 1446 eius
544 1388 662 1462 docent,
688 1391 753 1447 erat
766 1388 798 1446 in
816 1386 901 1446 libris
920 1406 1011 1446 manu
1031 1386 1101 1446 sori-

141 1483 204 1560 ptis
234 1483 406 1545 evolvendis
433 1487 466 1545 ot
492 1485 675 1546 excutiendis
703 1487 734 1544 et
761 1503 879 1544 summa
904 1483 994 1544 laude
1024 1483 1105 1559 apud

138 1582 283 1659 aequales
316 1581 455 1656 florebat,
488 1582 562 1642 adeo
591 1581 727 1658 potuisse
754 1582 835 1657 falli,
866 1585 901 1642 ut
922 1575 959 1642 Χί
982 1581 1030 1643 vel
1052 1573 1106 1640 ΧΙί

141 1673 231 1740 saec.¹
253 1697 376 1739 manum
399 1678 547 1739 iudicaret
575 1679 741 1740 Romanam
769 1683 800 1740 et
826 1699 922 1756 paene
949 1681 1105 1755 aequalem

137 1778 199 1855 ipsi
224 1775 417 1847 Quintiliano.
459 1776 554 1836 Plena
583 1777 677 1852 igitur
703 1777 760 1838 hac
787 1778 894 1844 tabula
916 1796 1032 1854 omnes,
1068 1777 1105 1838 de

136 1875 251 1952 quibus
284 1874 395 1934 certius
427 1873 543 1950 aliquid
576 1876 644 1934 sciri
676 1877 790 1952 potest,
827 1875 942 1934 codices
974 1893 1105 1950 compre-

210 2833 316 2893 Plures
339 2834 457 2893 interl
480 2835 511 2893 ct
534 2855 553 2892 u
576 2837 666 2911 atque
685 2834 705 2912 β
722 2833 913 2912 interponere
937 2834 1048 2908 literas,
1070 2837 1105 2894 ut

137 2931 264 3008 longius
282 2931 364 2992 absit
387 2931 593 3008 archetypum,
611 2932 686 2991 nihil
700 2932 778 2990 attin
796 2935 817 2992 t.
832 2963 873 2972 -
889 2931 947 3003 Qui
961 2929 1106 3008 Campani

137 3033 173 3090 et
195 3027 321 3106 Ugoleti
343 3028 436 3088 libros
459 3027 644 3106 discernunt,
666 3028 763 3089 facile·
777 3030 876 3104 illam,
901 3047 989 3106 quam
1013 3048 1105 3104 supra

137 3127 184 3188 eis
222 3126 349 3204 adposui
378 3125 527 3202 tabulam,
558 3126 682 3186 adiectis
716 3127 746 3203 Ι,
768 3149 801 3205 u,
823 3128 851 3186 A
884 3120 931 3206 (et
957 3122 992 3205 β)
1023 3127 1104 3186 notis

137 3224 334 3302 supplebunt

202 3338 399 3399 Editiones
427 3340 574 3416 priores
599 3342 745 3416 quantum
768 3339 899 3416 reperire
922 3341 1019 3419 potui,
1047 3339 1104 3399 hae

138 3439 230 3498 sunt:
