2692 3960
342 136 674 210 {nasammonas
694 138 863 196 cccxvm.
1026 140 1089 205 251

127 308 254 370 treme
278 303 331 386 sit,
354 301 435 367 setis
459 303 504 367 sit
526 301 655 388 utrique
677 305 822 368 vestrum
846 305 1023 387 separatim
1046 304 1091 369 di-

127 413 213 460 cere:
231 391 294 456 tibi
311 390 399 456 nolo.
423 389 496 476 „Sic
519 411 596 476 ergo
614 391 678 457 hoc
695 391 906 477 respondebis
925 391 1093 477 semper?“

126 483 213 547 Puta
243 501 295 544 me
322 479 443 544 dicere:
475 501 608 564 querere
636 479 676 545 de
699 485 732 546 te
756 483 853 564 atque
877 480 993 547 officiis
1017 483 1092 566 tuis,

126 571 185 656 qui
207 592 274 636 non
296 569 390 634 aliter
412 569 569 633 meruisti.
602 568 742 634 fortasse
765 591 882 634 verare
906 592 964 635 vos
987 570 1092 635 voluit

127 666 162 724 et
193 659 340 744 legatum
367 679 499 742 sperare
522 679 650 741 semper
682 661 716 723 et
748 657 883 742 alternis
912 658 1126 743 desperaret

128 749 176 813 sic
202 747 288 813 tueri
313 768 366 811 me
395 745 485 830 volo,
513 750 550 812 ut
572 745 678 812 dicam
702 767 837 831 semper.
882 750 957 812 aute
981 748 1091 812 omnia

128 837 217 902 enim
240 837 436 902 testamento
459 839 588 921 tempus
611 839 752 900 nonest
774 839 918 921 cautum,
941 857 1004 920 quo
1028 837 1091 902 sol-

127 948 216 1011 vam3
244 945 283 990 ao
309 946 350 989 ne
378 925 485 990 caveri
507 922 639 1009 quidem
662 925 777 1008 potuit.
822 946 900 990 nam
924 926 980 1010 qui
1002 925 1091 1009 dicit,

126 1014 215 1080 autri
243 1013 419 1078 malueris«
452 1016 485 1078 et
516 1016 644 1096 tempus
672 1034 740 1078 non
773 1013 884 1096 adicit,
915 1013 1089 1079 manifesto

126 1102 208 1168 illud
231 1123 359 1186 quoque
381 1101 555 1187 significat,
579 1123 652 1166 cum
674 1102 827 1187 volueris,
849 1103 914 1186 utri
937 1103 1090 1187 volueris,
1111 1117 1144 1166 10

126 1192 244 1257 solves.
279 1189 383 1256 adhuc
411 1210 487 1275 ergo
512 1189 609 1255 ambo
631 1191 773 1274 improbi
797 1191 890 1276 estis,
918 1191 1014 1257 ambo
1038 1213 1089 1256 oa·

126 1279 346 1346 lumniatores.
389 1299 485 1364 quam
518 1279 681 1363 sapienter
703 1281 865 1345 tacueras!
913 1280 940 1345 si
967 1279 1002 1344 in
1028 1279 1091 1346 hoc

126 1389 379 1455 perseverasses,
401 1367 555 1433 videreris
578 1367 661 1432 mihi
680 1367 901 1451 verecundior3
926 1390 1091 1451 sperarem

126 1449 281 1541 futurum,
313 1459 350 1521 ut
381 1456 571 1541 diligentius
595 1477 742 1522 servares
773 1457 960 1541 pecuniam,
992 1477 1090 1540 quam

125 1568 192 1611 non
215 1545 328 1630 cupide
352 1566 536 1630 acceperas:
558 1567 644 1611 nuno
666 1545 782 1630 incipit
804 1545 885 1610 mihi
908 1544 1011 1611 videri
1030 1545 1089 1610 mi·
1109 1560 1143 1610 15

126 1639 188 1700 nus
212 1627 266 1699 ille
289 1643 448 1719 peccasse.
472 1634 618 1719 litigavit
637 1638 712 1700 ante
731 1634 997 1719 experimentum,
1021 1633 1089 1699 liti·

128 1724 222 1808 gavit
245 1728 320 1788 ante
345 1724 554 1789 sententiam:
577 1727 614 1788 tu
631 1745 698 1788 non
722 1723 825 1788 credis
849 1721 1019 1789 iudicibus.

214 1811 356 1894 „Neuter
378 1833 456 1898 ergo
480 1812 638 1897 accipiet?
672 1834 745 1878 oum
768 1813 909 1877 voluerit
931 1814 1088 1896 patronus

126 1901 221 1967 alteri
245 1901 328 1983 dari,
345 1895 417 1968 'non
439 1905 549 1986 potest
573 1901 614 1966 ab
638 1901 741 1967 altero
765 1900 828 1966 hoc
850 1901 998 1985 legatum
1020 1900 1089 1984 peti

125 2012 166 2055 ex
187 1990 356 2056 voluntate
380 1989 565 2055 defuncti?“
595 1989 719 2055 Neuter
742 1994 884 2055 vestrum
907 1989 1012 2054 dicere
1032 2009 1089 2072 po·
1108 2006 1143 2054 2ο

124 2075 203 2163 tes't,
232 2078 295 2143 hoo
321 2083 478 2162 patronus
507 2077 578 2143 dari
601 2079 682 2143 mihi
704 2078 817 2144 voluit.
862 2077 980 2144 habuit
1001 2077 1090 2143 hunc

125 2167 284 2232 honorem
303 2167 392 2251 mihi,
415 2171 452 2232 ut
469 2167 556 2231 istud
575 2171 660 2231 esset
679 2167 1006 2253 beneficiummeum.
1038 2187 1090 2230 me

123 2275 205 2338 ergo
233 2255 367 2319 emereri
395 2254 491 2319 debet
519 2258 552 2319 et
575 2277 594 2319 a
618 2277 668 2320 me
691 2256 780 2320 istud
802 2260 927 2342 potere,
961 2253 1047 2340 quod
1071 2277 1091 2320 a

124 2345 267 2430 patrono
290 2363 358 2406 non
380 2342 483 2426 petiit.

193 2431 354 2516 Detogam
381 2431 476 2496 vobis
504 2431 707 2514 propositum
731 2432 825 2496 amici
849 2433 927 2498 mei:
957 2432 1087 2497 meliori
1106 2448 1141 2498 25

25 2531 27 2534 ’
125 2521 197 2586 dari
219 2520 332 2586 voluit.
368 2526 429 2586 hoc
452 2519 529 2584 seiri
551 2540 590 2583 ex
607 2521 784 2603 praeterita
806 2522 876 2587 vita
894 2525 1003 2586 vestra
1022 2543 1089 2586 non

124 2614 247 2695 potest:
271 2609 394 2695 alioqui
411 2609 483 2692 ipse
503 2607 617 2672 scisset
633 2610 675 2690 et,
698 2608 725 2672 si
744 2609 813 2673 ulla
830 2609 917 2673 inter
935 2631 993 2675 vos
1012 2610 1091 2675 fuis·

126 2703 177 2764 set
204 2699 398 2782 differentia,
429 2697 624 2762 nominatim
650 2697 844 2782 reliquisset.
890 2697 952 2763 hoc
979 2698 1090 2784 legato

124 2788 253 2871 petroni
277 2788 378 2852 vestri
400 2807 530 2852 necesse
554 2788 604 2851 est
626 2785 756 2872 utrique
779 2789 924 2852 vestrum
953 2783 1090 2872 diligen-

199 3001 212 3050 1
237 2995 274 3050 sit
293 3001 357 3065 post
380 2996 447 3051 satis
466 3013 516 3053 om.
535 3002 556 3049 Β
573 2999 583 3067 l
601 3004 617 3052 2
637 2997 662 3052 si
679 3002 700 3050 Β
717 2998 727 3066 l
745 2998 799 3052 hoc
817 3013 868 3052 om.
889 3000 912 3048 A
934 2997 944 3066 l
967 3002 983 3051 3
1003 3013 1088 3064 quere

126 3071 168 3120 Aa
180 3069 190 3138 fl
204 3072 220 3121 6
238 3068 271 3120 ut
289 3067 343 3123 hoo
362 3065 455 3122 dicam
473 3085 493 3123 s.
513 3067 557 3122 Ro
570 3070 610 3138 {19
630 3066 700 3124 dicit
717 3073 738 3121 Β
756 3071 766 3138 ῃ
784 3066 968 3122 manifesto
986 3071 1011 3119 A
1030 3067 1040 3134 ΙΙ
1055 3071 1088 3120 10

124 3139 181 3193 utri
198 3136 321 3194 volueris
339 3152 389 3194 om.
409 3141 455 3207 An
471 3145 502 3192 12
522 3154 601 3192 cau·
620 3143 644 3192 A
657 3141 667 3210 ΙΙ
682 3144 787 3194 13-14
806 3153 917 3206 sperare
935 3138 965 3191 in
983 3135 1036 3191 fut.
1054 3136 1092 3208 Bt}

128 3213 161 3264 14
179 3211 212 3263 ut
229 3225 279 3264 om.
290 3213 313 3261 A
325 3211 336 3280 l
350 3215 383 3264 16
403 3225 478 3278 peoo.
498 3207 611 3278 litigavi
628 3214 651 3262 A
664 3213 674 3281 ΙΙ
688 3209 730 3264 lit.
746 3207 915 3264 sententiam
928 3212 949 3259 Β
963 3208 972 3276 ΙΙ
988 3213 1020 3262 19
1035 3208 1090 3263 huo

125 3285 150 3333 A
162 3280 173 3350 Ι
185 3285 290 3335 21-22
305 3280 392 3334 habui
406 3283 480 3335 huno
493 3280 557 3334 hon.
573 3282 605 3335 ut
620 3285 641 3333 Β
654 3283 664 3351 l
678 3287 711 3335 23
732 3297 798 3350 ergo
818 3279 847 3334 et
865 3294 932 3335 mer.
947 3283 968 3330 Β
981 3279 991 3347 ΙΙ
1006 3278 1090 3335 debes

125 3352 184 3406 Aer
196 3353 206 3422 [l
220 3357 255 3406 24
272 3351 390 3420 petisset
408 3355 466 3420 AB,
485 3350 622 3417 corallo,
640 3352 759 3421 petisses
774 3351 831 3406 Aer
844 3352 854 3422 l
868 3355 902 3404 27
921 3348 1035 3405 lecisset
1053 3349 1090 3420 ΒΗ

125 3419 205 3476 nulla
222 3426 243 3474 B
256 3423 267 3492 ΙΙ
280 3427 314 3476 28
329 3423 456 3492 legatum
474 3427 494 3475 Β
508 3424 517 3492 l
532 3427 565 3476 22
584 3422 681 3490 utique
699 3429 719 3476 Β
