2682 3956
117 157 123 168 ’
237 155 303 221 348
603 155 835 223 QUINTILIANI

303 315 343 382 In
370 340 498 383 summa
524 324 633 403 parte,
665 319 742 403 quia
767 320 820 384 lex
848 319 1024 383 secundum
1049 340 1110 385 nos
1138 325 1201 406 est,

238 407 384 490 aequitas
408 407 583 472 secundum
606 428 667 472 nos
691 410 750 492 est,
772 407 853 472 illud
876 428 1004 492 quoque
1027 407 1200 474 dicendum

236 499 326 578 puto,
349 518 413 580 qua
435 496 599 560 sententia
615 495 750 580 possitis
768 495 855 579 parti
872 497 1001 581 utrique
1020 497 1199 565 consulere.

237 583 315 668 quid
333 582 461 667 e<ni>m
480 588 532 649 est
550 585 692 668 aequius,
711 605 808 669 quam
825 587 998 668 unumque
1016 583 1200 650 vindicare?

202 683 321 736 tonus
343 673 465 738 furtum
487 672 565 738 fecit
588 672 727 737 duobus:
755 672 855 752 habet
876 695 970 738 suam
994 673 1129 758 quisque
1151 675 1199 738 le·-

238 781 321 846 gcm.
365 782 426 827 nos
453 761 519 826 nisi
545 761 734 845 retinemus,
765 761 858 825 nulla
885 761 1013 827 actione
1039 761 1201 828 vindicare

236 869 427 933 possumus:
457 849 514 914 ille
543 850 670 914 etiamsi
698 870 766 914 non
796 849 902 933 ipsam
931 871 1001 914 rem
1027 851 1200 935 acceperit,

236 958 296 1020 pro
334 958 369 1001 re
401 941 512 1002 tamen
548 938 692 1020 accipere
727 938 867 1020 poterit:
902 938 1003 1003 habet
1038 939 1199 1004 actionem

238 1024 368 1109 quidem
382 1024 421 1089 de
435 1025 503 1090 illa.
516 1028 621 1106 ’cnam
636 1028 698 1106 et†
712 1025 748 1089 in
762 1025 976 1112 quadruplum
990 1026 1109 1112 litigat
1131 1047 1199 1092 non

187 1127 220 1176 10
239 1113 391 1177 irascitur
412 1111 491 1196 furi,
514 1113 628 1196 quire
651 1117 821 1179 contentus
845 1120 904 1179 est.
940 1113 1093 1180 adversus
1115 1115 1199 1180 iniu-

236 1201 322 1265 riam
344 1200 435 1266 illins
457 1200 586 1287 privata
608 1202 663 1287 agi
686 1203 814 1267 actione
836 1206 959 1287 potest:
982 1224 1002 1266 a
1023 1204 1119 1268 nobis
1140 1226 1198 1287 pu·

236 1287 331 1354 blica.
375 1289 432 1354 ille
463 1289 557 1355 vobis
593 1290 799 1356 commendat
830 1291 974 1356 sarcinas
1008 1311 1099 1356 suas:
1135 1313 1198 1358 nos

237 1380 500 1445 commendamus
522 1379 698 1463 vectigalia
720 1386 841 1463 vestra,
864 1380 1126 1446 commendamus
1149 1401 1198 1445 re·

235 1466 324 1532 'ditus
348 1467 500 1533 civitatis.

183 1639 217 1687 rc
617 1624 819 1693 GOGXLH.

323 1727 467 1794 Ancilla
488 1729 528 1795 ln
553 1729 794 1814 archipiratae
815 1730 961 1814 nuptias
983 1731 1105 1797 missa.

235 1851 300 1930 QUI
337 1868 552 1918 vonurcrnrn
589 1871 717 1920 nomm
752 1872 791 1918 In
822 1871 1021 1919 nlnnararn
1054 1871 1195 1941 ronam,

323 1957 427 2006 LIBER
455 1958 521 2007 sm.
567 1942 630 2020 Qui
657 1942 800 2007 habebat
826 1945 954 2028 patrem
982 1947 1015 2007 et
1043 1965 1198 2028 sororem,

324 2032 438 2113 captus
462 2032 513 2095 est
536 2053 556 2095 a
578 2031 703 2114 piratis.
734 2032 931 2116 scripserunt
952 2031 1077 2115 piratae
1099 2033 1197 2117 patri,

182 2132 216 2183 20
324 2121 361 2182 ut
388 2118 535 2183 mitteret
561 2119 717 2185 vicariam
744 2119 862 2203 filiam,
891 2119 1032 2184 futuram
1054 2119 1195 2204 archipi-

323 2210 415 2272 ratae
437 2229 580 2272 uxorem.
613 2207 703 2271 misit
725 2207 781 2272 ille
805 2208 979 2273 matronali
1000 2207 1115 2273 habitu
1138 2229 1194 2273 an-

324 2294 442 2359 cillam.
470 2296 625 2360 remissus
649 2299 698 2360 est
717 2295 914 2362 adulescens.
941 2296 1007 2380 illa,
1031 2297 1072 2362 ab
1091 2296 1196 2362 archi·

321 2382 429 2466 pirata
455 2382 548 2448 heres
576 2383 719 2448 omnium
747 2384 908 2450 bonorum
935 2385 1065 2470 relicta,
1097 2385 1196 2450 rediit

322 2470 357 2536 in
381 2471 556 2538 civitatem.
602 2471 719 2537 dicitur
743 2472 868 2538 ancilla.

180 2625 214 2676 π
627 2578 799 2678 erano.

299 2714 429 2782 Similes
449 2719 656 2801 quaestiones
682 2723 758 2784 sunt
776 2715 881 2805 priori
896 2717 1062 2785 divisioni:
1085 2721 1196 2784 cadem

304 2860 318 2908 1
338 2870 394 2922 qua
411 2856 458 2924 All
470 2872 527 2910 non
543 2858 709 2927 &utnon
726 2856 1083 2940 AulopositisB-Plt
1101 2857 1195 2927 *quid

232 2926 276 2979 est
293 2928 317 2977 Δ
334 2931 360 2980 et
377 2925 447 2994 edd„
473 2925 588 2994 quidem
607 2929 651 2982 est
666 2927 742 2997 3114
759 2926 897 2983 undicari
915 2932 975 2994 An,
994 2943 1063 2984 corr.
1082 2931 1140 2984 Aer
1153 2931 1194 2999 116

230 2993 287 3050 nisi
305 3009 355 3050 nos
375 3000 398 3048 A
419 2999 430 3065 ΙΙ
451 2994 561 3052 ratione
578 3002 612 3067 B,
639 2999 712 3067 quod
734 3001 825 3054 nescio
847 3017 886 3054 aa
903 2999 1112 3067 praeformatam
1129 3001 1167 3053 sit
1184 2999 1194 3071 ll

231 3065 368 3121 vindicari
386 3072 450 3136 AB,
473 3083 545 3122 corr.
564 3070 622 3123 Aer
640 3070 651 3138 ss
670 3073 686 3123 8
704 3071 799 3124 tamon
818 3068 982 3143 (pretium)
1001 3084 1058 3124 acc,
1076 3070 1134 3124 Aer
1150 3069 1192 3137 [19

231 3137 345 3204 qnidam
359 3141 388 3206 B,
407 3154 457 3193 om.
471 3143 495 3191 Δ
509 3143 534 3192 et
548 3140 607 3194 cdd.
630 3140 639 3208 ΙΙ
661 3155 728 3193 nam
742 3141 771 3194 et
784 3144 815 3206 Δ,
834 3144 937 3196 natura
950 3142 980 3194 st
993 3142 1026 3206 ³3
1050 3138 1193 3206 scotti-9

229 3206 340 3263 *habet
357 3208 504 3266 actionem.
529 3209 596 3277 qnid
615 3210 650 3264 dc
668 3208 720 3264 illa
736 3211 841 3265 nonin
860 3228 904 3280 qu.
923 3209 1037 3281 litigat?
1050 3211 1061 3280 l
1075 3215 1109 3265 10
1129 3209 1192 3264 *in-

229 3276 336 3332 vidiam
354 3283 404 3331 AB
431 3280 441 3348 ΙΙ
462 3285 494 3334 13
519 3279 645 3334 redditus
667 3283 745 3333 B-l’
758 3281 768 3350 fl
783 3286 816 3335 16
839 3280 972 3336 ancillam
996 3281 1071 3336 arch.
1089 3284 1168 3334 3-1·
1185 3281 1196 3354 ll

229 3346 345 3402 mnsam
359 3352 436 3402 B-l’
450 3350 459 3418 ll
474 3355 508 3405 18
522 3349 628 3405 habeat
641 3354 664 3402 A
677 3352 687 3418 l
699 3356 736 3406 20
749 3351 872 3407 futuram
885 3352 1011 3406 futuram
1024 3355 1046 3404 B
1059 3354 1070 3422 fl
1083 3358 1119 3408 26
1133 3352 1194 3408 sim.

229 3433 274 3485 qu.
287 3419 352 3473 sunt
364 3419 459 3489 priori,
481 3418 582 3474 divisio
595 3419 744 3493 (eadem),
759 3422 858 3476 eadem
872 3423 919 3477 fin.
939 3421 974 3492 (l)
987 3421 1034 3478 Ro
