2692 3960
373 154 692 216 DECLAMATIONES.
710 155 879 213 cccrum.
1041 157 1107 224 273

146 318 320 386 dicationis
360 319 522 402 accipiant
561 340 721 384 summam
762 319 968 405 religionem,
1009 342 1108 404 opera

145 412 223 474 sunt
244 411 388 473 tantum:
412 407 571 472 dedicatio
595 410 645 472 est
667 407 735 490 ille,
758 429 840 492 quae
863 409 958 473 deum
975 409 1108 496 inducit,

145 518 229 583 quae
261 496 336 562 sede
369 495 532 561 destinata
563 497 659 562 locat
710 496 773 562 hoc
802 497 874 562 ideo
904 497 1011 564 lacere
1042 519 1108 564 non

144 587 581 740 {hellenichus
601 588 802 739 {Sistit
825 587 1144 742 theudule

147 762 201 850 (ut
222 783 307 828 nunc
325 761 554 848 comperimus)
574 784 728 828 concessa
745 763 1010 830 Atheniensibus.
1033 764 1110 831 hine

148 853 260 936 affigo
281 847 352 916 fieri
375 873 464 937 reor,
486 851 623 936 iudices,
645 853 745 936 quod,
768 872 842 917 cum
865 855 1045 918 ceterarum
1068 854 1111 920 ci·

146 940 301 1006 vitatium
324 939 455 1024 temple,
478 940 514 1004 in
531 941 611 1026 ipsis
629 941 738 1025 posita
756 941 901 1026 urbibus,
923 940 1111 1027 frequenter

146 1050 221 1094 cum
245 1027 327 1094 totis
349 1049 443 1094 ruere
467 1031 565 1113 atque
586 1029 714 1094 incendi
737 1029 909 1096 moenibus
926 1030 1111 1115 viderimus,

115 1184 119 1190 ,
147 1119 241 1183 00110
258 1116 411 1201 vindicta,
434 1117 526 1182 nulla
546 1117 671 1203 religio,
692 1119 784 1184 nullu
806 1139 862 1184 eos
887 1119 942 1203 qui
966 1119 1112 1185 fecerant
1131 1135 1165 1186 10

148 1206 312 1290 supplicia
330 1209 504 1272 consecuta
522 1206 603 1290 sint,
625 1207 680 1272 hic
698 1207 906 1291 sacrilegium
924 1209 1112 1292 pestilentie

147 1294 359 1361 vindicatum.
404 1294 639 1360 dedicationem
662 1295 762 1379 (rex)
785 1295 983 1362 destinabat:
1008 1319 1112 1383 neque

146 1383 237 1470 ,enim
256 1383 352 1449 aliter
370 1383 489 1448 saltem
507 1383 668 1470 templum
686 1405 757 1449 esse
776 1385 1029 1470 existimaverat,
1049 1386 1114 1451 nisi

150 1471 364 1538 dedicaretur.
418 1471 458 1536 de
497 1491 699 1557 quocumque
731 1473 854 1558 temple
886 1473 1014 1556 loquor:
1050 1473 1113 1539 hoe
1214 1511 1216 1516 ·

149 1562 309 1647 templum
320 1581 389 1626 non
407 1560 586 1626 dedicabo‘?
604 1582 703 1645 quem
721 1561 828 1626 multe
841 1560 947 1626 adhuc
959 1561 1113 1628 remitto?
1133 1577 1166 1628 15

149 1653 242 1716 taceo
266 1649 346 1734 quid
363 1649 411 1714 dii
428 1649 606 1734 voluerint,
628 1653 721 1716 taceo
746 1649 823 1735 quid
844 1669 1001 1734 responsa
1022 1670 1113 1736 pree·

150 1738 308 1824 ceperint,
344 1737 495 1804 humenis
534 1737 680 1803 consiliis
713 1739 822 1805 locum
856 1739 1020 1824 relinquo:
1047 1760 1114 1806 non

150 1826 334 1893 dedicabo?
370 1827 542 1912 procedere
568 1827 657 1892 ultre
683 1827 767 1894 volo.
813 1827 842 1893 si
864 1828 1049 1893 Alexander
1072 1829 1113 1894 eb

151 1916 321 1982 obsidione
339 1919 469 1981 tantum
487 1914 693 1981 Athenarum
710 1917 912 2000 recessisset,
935 1938 1044 1983 nonne
1063 1937 1114 1983 ae·

151 2004 386 2090 difieassemus,
415 2025 523 2070 nonne
554 2005 836 2071 restituissemus?
873 2006 1022 2091 equidem
1052 2026 1113 2093 ego
1133 2021 1167 2070 20

152 2094 302 2160 omnibus
338 2094 460 2158 nostris
494 2093 594 2159 sacris
626 2094 815 2160 crediderim
847 2094 954 2160 inesse
985 2113 1115 2160 numen.

152 2181 290 2248 debetur
319 2182 382 2247 hoc
409 2182 661 2248 Atheniensium
688 2183 830 2267 civitati,
860 2184 996 2249 debetur
1025 2187 1116 2249 vetu-

153 2271 299 2335 stissimo
327 2270 452 2356 generi,
481 2270 616 2337 debetur
643 2273 728 2356 solo,
755 2271 795 2336 de
826 2293 890 2356 000
912 2270 1116 2338 contendisse

154 2358 318 2444 quondam
336 2358 413 2425 deos
436 2361 640 2426 immortales
662 2381 730 2426 non
753 2361 824 2426 sine
842 2381 940 2427 causa
958 2361 1116 2426 creditum

153 2450 212 2513 est.
250 2450 359 2514 cetera
384 2451 494 2514 tamen
518 2449 670 2532 opinione
692 2448 852 2515 credimus
876 2452 909 2514 et
932 2450 1117 2516 coniectura
1134 2465 1169 2513 us

153 2535 353 2622 colligimus:
380 2536 415 2602 in
436 2536 500 2603 hoc
522 2537 655 2602 numine
678 2537 839 2604 sensimus
862 2541 1028 2603 momenta
1050 2539 1117 2603 bel·

151 2625 269 2708 lorum,
291 2625 353 2692 hoc
375 2645 453 2711 pars
478 2629 616 2711 utruque
639 2627 803 2713 cognovit,
825 2626 889 2692 hoc
911 2647 1032 2692 numen
1055 2627 1118 2692 scit

226 2875 241 2923 1
261 2886 398 2926 summum
417 2870 598 2956 accipient!
619 2872 631 2942 l
652 2879 669 2926 2
693 2872 987 2956 dedicationishillall
1011 2875 1020 2944 [Ι
1047 2878 1117 2928 2-3

152 2953 225 3008 0000
244 2956 273 2994 se
292 2941 363 2996 dest.
382 2942 457 3067 Ψ
475 2942 553 3025 rdeo]
569 2963 592 3025 ,a
610 2942 662 2999 deo
680 2943 726 2999 Ro
739 2945 749 3013 l
762 2951 780 2999 4
793 2960 894 3013 cmqua
913 2946 957 3013 Bu
975 2949 1045 2999 6-7
1064 2944 1119 3000 hoc

153 3014 508 3152 1111111101ῃὶ
521 3015 670 3139 illlis
688 3015 1120 3156 succulentus

152 3167 222 3208 corr.
243 3153 283 3208 Pi
301 3154 312 3223 η
333 3151 426 3230 (rex)
445 3153 490 3210 Rc
513 3156 523 3224 l
546 3127 586 3209 16’
599 3129 674 3224 quod
693 3159 716 3207 Δ
738 3155 748 3224 l
774 3155 925 3211 voluerunt
941 3159 1003 3223 Ar,
1026 3125 1121 3222 forti

154 3223 230 3292 qnod
248 3223 275 3280 d.
293 3223 455 3295 voluerunt,
473 3227 494 3282 t.
515 3225 592 3295 quod
608 3242 631 3280 r.
649 3228 875 3296 praeceperuntl
893 3231 928 3280 20
946 3242 1003 3281 non
1021 3227 1067 3297 Al
1085 3230 1119 3280 21

154 3310 256 3350 nomen
274 3297 315 3348 Aa
333 3297 343 3366 ΙΙ
362 3301 396 3352 22
417 3296 505 3354 debet
520 3302 542 3350 B
556 3297 566 3368 fl
579 3295 698 3352 debetur
716 3313 766 3353 om.
786 3299 878 3368 11126
896 3296 1010 3353 nomine
1028 3301 1098 3352 Aah
1111 3295 1121 3368 ll

153 3379 258 3420 nomen
275 3367 451 3424 tabellarum
470 3370 714 3438 Bnmomenta
731 3370 777 3438 ΑΗ
790 3369 826 3426 ht
843 3385 946 3425 nomen
963 3373 987 3423 Α

210 3533 351 3584 Quintiliani
364 3533 428 3588 deal,
443 3535 478 3578 ed.
491 3534 575 3579 Rittsr.
926 3537 959 3588 18
