<?xml version="1.0" encoding="UTF-8"?>
<!DOCTYPE html PUBLIC "-//W3C//DTD XHTML 1.0 Transitional//EN"
    "http://www.w3.org/TR/xhtml1/DTD/xhtml1-transitional.dtd">
<html xmlns="http://www.w3.org/1999/xhtml" xml:lang="en" lang="en">
 <head>
  <title>
</title>
<meta http-equiv="Content-Type" content="text/html;charset=utf-8" />
  <meta name='ocr-system' content='tesseract 3.04.00' />
  <meta name='ocr-capabilities' content='ocr_page ocr_carea ocr_par ocr_line ocrx_word'/>
</head>
<body>
  <div class='ocr_page' id='page_1' title='image "./mfabiiquintilia02rittgoog_0436.png"; bbox 0 0 2682 3956; ppageno 0'>
   <div class='ocr_carea' id='block_1_1' title="bbox 356 148 1086 218">
    <p class='ocr_par' dir='ltr' id='par_1_1' title="bbox 356 148 1086 218">
     <span class='ocr_line' id='line_1_1' title="bbox 356 148 1086 218; baseline 0.016 -14"><span class='ocrx_word' id='word_1_1' title='bbox 356 148 673 208; x_wconf 79' lang='lat' dir='ltr'>DECLAMATIONES.</span> <span class='ocrx_word' id='word_1_2' title='bbox 693 150 858 208; x_wconf 72' lang='lat' dir='ltr'><strong>cocum.</strong></span> <span class='ocrx_word' id='word_1_3' title='bbox 1020 152 1086 218; x_wconf 80' lang='lat'><strong>395</strong></span> 
     </span>
    </p>
   </div>
   <div class='ocr_carea' id='block_1_2' title="bbox 212 311 1084 558">
    <p class='ocr_par' dir='ltr' id='par_1_2' title="bbox 212 311 1084 558">
     <span class='ocr_line' id='line_1_2' title="bbox 216 311 1083 399; baseline 0.005 -23"><span class='ocrx_word' id='word_1_4' title='bbox 216 314 267 376; x_wconf 86' lang='lat' dir='ltr'><strong>ter</strong></span> <span class='ocrx_word' id='word_1_5' title='bbox 289 311 328 377; x_wconf 86' lang='lat' dir='ltr'><strong>de</strong></span> <span class='ocrx_word' id='word_1_6' title='bbox 352 315 464 397; x_wconf 86' lang='lat' dir='ltr'><strong>stupro</strong></span> <span class='ocrx_word' id='word_1_7' title='bbox 489 312 598 378; x_wconf 87' lang='lat' dir='ltr'><strong>uxoris</strong></span> <span class='ocrx_word' id='word_1_8' title='bbox 621 312 747 378; x_wconf 77' lang='lat' dir='ltr'><strong>adiecto</strong></span> <span class='ocrx_word' id='word_1_9' title='bbox 770 315 876 397; x_wconf 86' lang='lat' dir='ltr'><strong>pretio</strong></span> <span class='ocrx_word' id='word_1_10' title='bbox 898 314 1083 399; x_wconf 86' lang='lat' dir='ltr'><strong>appellatus</strong></span> 
     </span>
     <span class='ocr_line' id='line_1_3' title="bbox 212 401 1084 484; baseline 0.006 -20"><span class='ocrx_word' id='word_1_11' title='bbox 212 401 415 484; x_wconf 85' lang='lat' dir='ltr'><strong>vestiplicam</strong></span> <span class='ocrx_word' id='word_1_12' title='bbox 440 401 591 467; x_wconf 87' lang='lat' dir='ltr'><strong>dominae</strong></span> <span class='ocrx_word' id='word_1_13' title='bbox 609 401 724 467; x_wconf 86' lang='lat' dir='ltr'><strong>habitu</strong></span> <span class='ocrx_word' id='word_1_14' title='bbox 743 402 842 468; x_wconf 85' lang='lat' dir='ltr'><strong>misit</strong></span> <span class='ocrx_word' id='word_1_15' title='bbox 874 403 980 468; x_wconf 86' lang='lat' dir='ltr'><strong>malae</strong></span> <span class='ocrx_word' id='word_1_16' title='bbox 999 406 1084 469; x_wconf 89' lang='lat' dir='ltr'><strong>trac·</strong></span> 
     </span>
     <span class='ocr_line' id='line_1_4' title="bbox 214 489 528 558; baseline 0.01 -6"><span class='ocrx_word' id='word_1_17' title='bbox 214 489 349 554; x_wconf 87' lang='lat' dir='ltr'><strong>tationis</strong></span> <span class='ocrx_word' id='word_1_18' title='bbox 372 511 447 556; x_wconf 85' lang='lat' dir='ltr'><strong>reus</strong></span> <span class='ocrx_word' id='word_1_19' title='bbox 470 495 528 558; x_wconf 89' lang='lat' dir='ltr'><strong>est.</strong></span> 
     </span>
    </p>
   </div>
   <div class='ocr_carea' id='block_1_3' title="bbox 515 665 689 733">
    <p class='ocr_par' dir='ltr' id='par_1_3' title="bbox 515 665 689 733">
     <span class='ocr_line' id='line_1_5' title="bbox 515 665 689 733; baseline 0.006 -1"><span class='ocrx_word' id='word_1_20' title='bbox 515 665 689 733; x_wconf 81' lang='lat' dir='ltr'><strong>SERMO.</strong></span> 
     </span>
    </p>
   </div>
   <div class='ocr_carea' id='block_1_4' title="bbox 120 787 1136 1318">
    <p class='ocr_par' dir='ltr' id='par_1_4' title="bbox 120 787 1136 1318">
     <span class='ocr_line' id='line_1_6' title="bbox 191 787 1119 875; baseline 0.003 -22"><span class='ocrx_word' id='word_1_21' title='bbox 191 787 329 855; x_wconf 89' lang='lat' dir='ltr'><strong>Maritus</strong></span> <span class='ocrx_word' id='word_1_22' title='bbox 352 790 411 856; x_wconf 92' lang='lat' dir='ltr'><strong>illo</strong></span> <span class='ocrx_word' id='word_1_23' title='bbox 436 791 544 856; x_wconf 88' lang='lat' dir='ltr'><strong>colore</strong></span> <span class='ocrx_word' id='word_1_24' title='bbox 567 790 785 856; x_wconf 83' lang='lat' dir='ltr'><strong>defendendus</strong></span> <span class='ocrx_word' id='word_1_25' title='bbox 809 793 871 875; x_wconf 84' lang='lat' dir='ltr'><strong>est,</strong></span> <span class='ocrx_word' id='word_1_26' title='bbox 899 794 937 857; x_wconf 89' lang='lat' dir='ltr'><strong>ut</strong></span> <span class='ocrx_word' id='word_1_27' title='bbox 958 790 1119 857; x_wconf 83' lang='lat' dir='ltr'><strong>dicaturo</strong></span> 
     </span>
     <span class='ocr_line' id='line_1_7' title="bbox 122 877 1083 965; baseline 0.003 -24"><span class='ocrx_word' id='word_1_28' title='bbox 122 877 223 942; x_wconf 85' lang='lat' dir='ltr'><strong>fuisse</strong></span> <span class='ocrx_word' id='word_1_29' title='bbox 246 879 384 963; x_wconf 78' lang='lat' dir='ltr'><strong>diligens</strong></span> <span class='ocrx_word' id='word_1_30' title='bbox 403 882 514 945; x_wconf 88' lang='lat' dir='ltr'><strong>custos</strong></span> <span class='ocrx_word' id='word_1_31' title='bbox 533 880 708 965; x_wconf 86' lang='lat' dir='ltr'><strong>pudicitiae</strong></span> <span class='ocrx_word' id='word_1_32' title='bbox 726 879 846 962; x_wconf 87' lang='lat' dir='ltr'><strong>uxoris,</strong></span> <span class='ocrx_word' id='word_1_33' title='bbox 869 884 987 945; x_wconf 86' lang='lat' dir='ltr'><strong>natura</strong></span> <span class='ocrx_word' id='word_1_34' title='bbox 1006 901 1083 965; x_wconf 91' lang='lat' dir='ltr'><strong>quo-</strong></span> 
     </span>
     <span class='ocr_line' id='line_1_8' title="bbox 123 967 1084 1054; baseline 0.004 -24"><span class='ocrx_word' id='word_1_35' title='bbox 123 987 184 1050; x_wconf 87' lang='lat' dir='ltr'><strong>quc</strong></span> <span class='ocrx_word' id='word_1_36' title='bbox 209 967 368 1033; x_wconf 86' lang='lat' dir='ltr'><strong>sollicitus</strong></span> <span class='ocrx_word' id='word_1_37' title='bbox 392 974 425 1033; x_wconf 87' lang='lat' dir='ltr'><strong>et</strong></span> <span class='ocrx_word' id='word_1_38' title='bbox 448 968 587 1033; x_wconf 84' lang='lat' dir='ltr'><strong>sedulus.</strong></span> <span class='ocrx_word' id='word_1_39' title='bbox 611 989 684 1033; x_wconf 90' lang='lat' dir='ltr'><strong>cum</strong></span> <span class='ocrx_word' id='word_1_40' title='bbox 708 971 793 1033; x_wconf 86' lang='lat' dir='ltr'><strong>esset</strong></span> <span class='ocrx_word' id='word_1_41' title='bbox 815 968 854 1033; x_wconf 88' lang='lat' dir='ltr'><strong>de</strong></span> <span class='ocrx_word' id='word_1_42' title='bbox 876 972 988 1054; x_wconf 88' lang='lat' dir='ltr'><strong>stupro</strong></span> <span class='ocrx_word' id='word_1_43' title='bbox 1007 991 1084 1034; x_wconf 86' lang='lat' dir='ltr'><strong>uxo·</strong></span> 
     </span>
     <span class='ocr_line' id='line_1_9' title="bbox 121 1055 1083 1143; baseline 0.004 -25"><span class='ocrx_word' id='word_1_44' title='bbox 121 1055 166 1118; x_wconf 84' lang='lat' dir='ltr'><strong>ris</strong></span> <span class='ocrx_word' id='word_1_45' title='bbox 195 1056 394 1141; x_wconf 84' lang='lat' dir='ltr'><strong>appellatus,</strong></span> <span class='ocrx_word' id='word_1_46' title='bbox 422 1057 615 1122; x_wconf 85' lang='lat' dir='ltr'><strong>admiratum</strong></span> <span class='ocrx_word' id='word_1_47' title='bbox 646 1060 773 1121; x_wconf 87' lang='lat' dir='ltr'><strong>tautam</strong></span> <span class='ocrx_word' id='word_1_48' title='bbox 799 1057 962 1143; x_wconf 79' lang='lat' dir='ltr'><strong>peregrini</strong></span> <span class='ocrx_word' id='word_1_49' title='bbox 984 1077 1083 1142; x_wconf 80' lang='lat' dir='ltr'><strong>nego·</strong></span> 
     </span>
     <span class='ocr_line' id='line_1_10' title="bbox 120 1144 1083 1230; baseline 0.004 -24"><span class='ocrx_word' id='word_1_50' title='bbox 120 1144 251 1208; x_wconf 87' lang='lat' dir='ltr'><strong>tiatoris</strong></span> <span class='ocrx_word' id='word_1_51' title='bbox 276 1144 457 1229; x_wconf 79' lang='lat' dir='ltr'><strong>audaoicm3</strong></span> <span class='ocrx_word' id='word_1_52' title='bbox 482 1167 555 1211; x_wconf 91' lang='lat' dir='ltr'><strong>oum</strong></span> <span class='ocrx_word' id='word_1_53' title='bbox 578 1145 691 1210; x_wconf 87' lang='lat' dir='ltr'><strong>deinde</strong></span> <span class='ocrx_word' id='word_1_54' title='bbox 715 1146 814 1210; x_wconf 85' lang='lat' dir='ltr'><strong>etiam</strong></span> <span class='ocrx_word' id='word_1_55' title='bbox 837 1145 1009 1230; x_wconf 84' lang='lat' dir='ltr'><strong>repetitus,</strong></span> <span class='ocrx_word' id='word_1_56' title='bbox 1033 1168 1083 1211; x_wconf 85' lang='lat' dir='ltr'><strong>su·</strong></span> 
     </span>
     <span class='ocr_line' id='line_1_11' title="bbox 123 1231 1136 1318; baseline 0.006 -24"><span class='ocrx_word' id='word_1_57' title='bbox 123 1231 240 1318; x_wconf 86' lang='lat' dir='ltr'><strong>spicari</strong></span> <span class='ocrx_word' id='word_1_58' title='bbox 268 1232 391 1317; x_wconf 83' lang='lat' dir='ltr'><strong>aliquid</strong></span> <span class='ocrx_word' id='word_1_59' title='bbox 418 1233 516 1297; x_wconf 87' lang='lat' dir='ltr'><strong>etiam</strong></span> <span class='ocrx_word' id='word_1_60' title='bbox 545 1233 584 1297; x_wconf 86' lang='lat' dir='ltr'><strong>de</strong></span> <span class='ocrx_word' id='word_1_61' title='bbox 611 1255 711 1298; x_wconf 85' lang='lat' dir='ltr'><strong>uxore</strong></span> <span class='ocrx_word' id='word_1_62' title='bbox 735 1235 893 1317; x_wconf 87' lang='lat' dir='ltr'><strong>coepisse:</strong></span> <span class='ocrx_word' id='word_1_63' title='bbox 924 1237 1083 1318; x_wconf 87' lang='lat' dir='ltr'><strong>quantum</strong></span> <span class='ocrx_word' id='word_1_64' title='bbox 1103 1251 1136 1300; x_wconf 90' lang='lat'><strong>10</strong></span> 
     </span>
    </p>
   </div>
   <div class='ocr_carea' id='block_1_5' title="bbox 4 1322 1083 1581">
    <p class='ocr_par' dir='ltr' id='par_1_5' title="bbox 4 1322 1083 1581">
     <span class='ocr_line' id='line_1_12' title="bbox 4 1322 1083 1407; baseline 0.005 -25"><span class='ocrx_word' id='word_1_65' title='bbox 4 1371 6 1382; x_wconf 86' lang='grc'>,</span> <span class='ocrx_word' id='word_1_66' title='bbox 120 1339 206 1384; x_wconf 89' lang='lat' dir='ltr'><strong>nunc</strong></span> <span class='ocrx_word' id='word_1_67' title='bbox 238 1324 410 1405; x_wconf 85' lang='lat' dir='ltr'><strong>appareat,</strong></span> <span class='ocrx_word' id='word_1_68' title='bbox 444 1343 521 1386; x_wconf 90' lang='lat' dir='ltr'><strong>suae</strong></span> <span class='ocrx_word' id='word_1_69' title='bbox 553 1325 690 1386; x_wconf 87' lang='lat' dir='ltr'><strong>naturae</strong></span> <span class='ocrx_word' id='word_1_70' title='bbox 717 1322 827 1406; x_wconf 84' lang='lat' dir='ltr'><strong>potius</strong></span> <span class='ocrx_word' id='word_1_71' title='bbox 856 1322 953 1406; x_wconf 88' lang='lat' dir='ltr'><strong>vitio,</strong></span> <span class='ocrx_word' id='word_1_72' title='bbox 985 1344 1083 1407; x_wconf 88' lang='lat' dir='ltr'><strong>quam</strong></span> 
     </span>
     <span class='ocr_line' id='line_1_13' title="bbox 4 1407 1083 1494; baseline 0.004 -23"><span class='ocrx_word' id='word_1_73' title='bbox 4 1465 6 1490; x_wconf 78' lang='grc'>,</span> <span class='ocrx_word' id='word_1_74' title='bbox 122 1407 219 1491; x_wconf 89' lang='lat' dir='ltr'><strong>culpa</strong></span> <span class='ocrx_word' id='word_1_75' title='bbox 237 1409 357 1474; x_wconf 86' lang='lat' dir='ltr'><strong>uxoris.</strong></span> <span class='ocrx_word' id='word_1_76' title='bbox 388 1431 461 1473; x_wconf 91' lang='lat' dir='ltr'><strong>cum</strong></span> <span class='ocrx_word' id='word_1_77' title='bbox 478 1431 555 1474; x_wconf 82' lang='lat' dir='ltr'><strong>vero</strong></span> <span class='ocrx_word' id='word_1_78' title='bbox 573 1409 671 1474; x_wconf 86' lang='lat' dir='ltr'><strong>tortio</strong></span> <span class='ocrx_word' id='word_1_79' title='bbox 692 1430 818 1494; x_wconf 88' lang='lat' dir='ltr'><strong>quoque</strong></span> <span class='ocrx_word' id='word_1_80' title='bbox 836 1409 975 1476; x_wconf 75' lang='lat' dir='ltr'><strong>instaret</strong></span> <span class='ocrx_word' id='word_1_81' title='bbox 994 1409 1083 1475; x_wconf 88' lang='lat' dir='ltr'><strong>adul-</strong></span> 
     </span>
     <span class='ocr_line' id='line_1_14' title="bbox 4 1497 1078 1581; baseline 0.003 -21"><span class='ocrx_word' id='word_1_82' title='bbox 4 1497 6 1560; x_wconf 80' lang='grc' dir='ltr'><strong>ἱ</strong></span> <span class='ocrx_word' id='word_1_83' title='bbox 120 1498 185 1579; x_wconf 88' lang='lat' dir='ltr'><strong>ter,</strong></span> <span class='ocrx_word' id='word_1_84' title='bbox 212 1518 279 1562; x_wconf 90' lang='lat' dir='ltr'><strong>non</strong></span> <span class='ocrx_word' id='word_1_85' title='bbox 301 1498 447 1581; x_wconf 86' lang='lat' dir='ltr'><strong>potuisse</strong></span> <span class='ocrx_word' id='word_1_86' title='bbox 470 1497 675 1562; x_wconf 86' lang='lat' dir='ltr'><strong>dissimulare</strong></span> <span class='ocrx_word' id='word_1_87' title='bbox 698 1499 915 1581; x_wconf 79' lang='lat' dir='ltr'><strong>suspicionem</strong></span> <span class='ocrx_word' id='word_1_88' title='bbox 938 1501 972 1563; x_wconf 85' lang='lat' dir='ltr'><strong>et</strong></span> <span class='ocrx_word' id='word_1_89' title='bbox 994 1499 1078 1564; x_wconf 91' lang='lat' dir='ltr'><strong>solli·</strong></span> 
     </span>
    </p>
   </div>
   <div class='ocr_carea' id='block_1_6' title="bbox 121 1585 1134 1850">
    <p class='ocr_par' dir='ltr' id='par_1_6' title="bbox 121 1585 1134 1850">
     <span class='ocr_line' id='line_1_15' title="bbox 121 1585 1082 1672; baseline 0.003 -24"><span class='ocrx_word' id='word_1_90' title='bbox 121 1585 296 1651; x_wconf 83' lang='lat' dir='ltr'><strong>citudinem</strong></span> <span class='ocrx_word' id='word_1_91' title='bbox 328 1608 429 1652; x_wconf 86' lang='lat' dir='ltr'><strong>suam.</strong></span> <span class='ocrx_word' id='word_1_92' title='bbox 474 1587 585 1672; x_wconf 85' lang='lat' dir='ltr'><strong>itaque</strong></span> <span class='ocrx_word' id='word_1_93' title='bbox 609 1587 685 1670; x_wconf 90' lang='lat' dir='ltr'><strong>quia</strong></span> <span class='ocrx_word' id='word_1_94' title='bbox 707 1591 838 1670; x_wconf 87' lang='lat' dir='ltr'><strong>putaret</strong></span> <span class='ocrx_word' id='word_1_95' title='bbox 861 1587 983 1672; x_wconf 87' lang='lat' dir='ltr'><strong>aliquid</strong></span> <span class='ocrx_word' id='word_1_96' title='bbox 1006 1591 1082 1652; x_wconf 88' lang='lat' dir='ltr'><strong>ante</strong></span> 
     </span>
     <span class='ocr_line' id='line_1_16' title="bbox 122 1675 1134 1760; baseline 0.004 -22"><span class='ocrx_word' id='word_1_97' title='bbox 122 1695 196 1738; x_wconf 93' lang='lat' dir='ltr'><strong>cum</strong></span> <span class='ocrx_word' id='word_1_98' title='bbox 219 1695 280 1758; x_wconf 77' lang='lat' dir='ltr'><strong>spa</strong></span> <span class='ocrx_word' id='word_1_99' title='bbox 302 1696 402 1741; x_wconf 84' lang='lat' dir='ltr'><strong>uxore</strong></span> <span class='ocrx_word' id='word_1_100' title='bbox 425 1676 570 1741; x_wconf 84' lang='lat' dir='ltr'><strong>locutum</strong></span> <span class='ocrx_word' id='word_1_101' title='bbox 589 1675 772 1741; x_wconf 87' lang='lat' dir='ltr'><strong>adulterum</strong></span> <span class='ocrx_word' id='word_1_102' title='bbox 790 1697 848 1760; x_wconf 87' lang='lat' dir='ltr'><strong>per</strong></span> <span class='ocrx_word' id='word_1_103' title='bbox 867 1676 1083 1760; x_wconf 84' lang='lat' dir='ltr'><strong>vestiplicem,</strong></span> <span class='ocrx_word' id='word_1_104' title='bbox 1102 1691 1134 1742; x_wconf 77' lang='lat'><strong>15</strong></span> 
     </span>
     <span class='ocr_line' id='line_1_17' title="bbox 123 1762 1081 1850; baseline 0.001 -24"><span class='ocrx_word' id='word_1_105' title='bbox 123 1762 296 1828; x_wconf 77' lang='lat' dir='ltr'><strong>advocasse</strong></span> <span class='ocrx_word' id='word_1_106' title='bbox 320 1763 413 1828; x_wconf 89' lang='lat' dir='ltr'><strong>illam</strong></span> <span class='ocrx_word' id='word_1_107' title='bbox 436 1769 469 1829; x_wconf 89' lang='lat' dir='ltr'><strong>et</strong></span> <span class='ocrx_word' id='word_1_108' title='bbox 492 1765 664 1850; x_wconf 85' lang='lat' dir='ltr'><strong>quaesisse,</strong></span> <span class='ocrx_word' id='word_1_109' title='bbox 687 1784 766 1829; x_wconf 91' lang='lat' dir='ltr'><strong>num</strong></span> <span class='ocrx_word' id='word_1_110' title='bbox 790 1764 913 1849; x_wconf 84' lang='lat' dir='ltr'><strong>aliquid</strong></span> <span class='ocrx_word' id='word_1_111' title='bbox 931 1764 971 1830; x_wconf 88' lang='lat' dir='ltr'><strong>de</strong></span> <span class='ocrx_word' id='word_1_112' title='bbox 991 1764 1081 1829; x_wconf 85' lang='lat' dir='ltr'><strong>adul-</strong></span> 
     </span>
    </p>
   </div>
   <div class='ocr_carea' id='block_1_7' title="bbox 4 1850 1081 1939">
    <p class='ocr_par' dir='ltr' id='par_1_7' title="bbox 4 1850 1081 1939">
     <span class='ocr_line' id='line_1_18' title="bbox 4 1850 1081 1939; baseline 0.001 -23"><span class='ocrx_word' id='word_1_113' title='bbox 4 1877 5 1916; x_wconf 56' lang='lat' dir='ltr'><strong>t</strong></span> <span class='ocrx_word' id='word_1_114' title='bbox 118 1850 203 1916; x_wconf 86' lang='lat' dir='ltr'><strong>terio</strong></span> <span class='ocrx_word' id='word_1_115' title='bbox 237 1852 342 1919; x_wconf 87' lang='lat' dir='ltr'><strong>sciret.</strong></span> <span class='ocrx_word' id='word_1_116' title='bbox 400 1853 492 1918; x_wconf 86' lang='lat' dir='ltr'><strong>illam</strong></span> <span class='ocrx_word' id='word_1_117' title='bbox 523 1853 742 1939; x_wconf 85' lang='lat' dir='ltr'><strong>respondisse,</strong></span> <span class='ocrx_word' id='word_1_118' title='bbox 774 1853 976 1920; x_wconf 87' lang='lat' dir='ltr'><strong>innocentem</strong></span> <span class='ocrx_word' id='word_1_119' title='bbox 1010 1874 1081 1918; x_wconf 79' lang='lat' dir='ltr'><strong>esse</strong></span> 
     </span>
    </p>
   </div>
   <div class='ocr_carea' id='block_1_8' title="bbox 119 1937 1131 2200">
    <p class='ocr_par' dir='ltr' id='par_1_8' title="bbox 119 1937 1131 2200">
     <span class='ocr_line' id='line_1_19' title="bbox 121 1937 1080 2026; baseline 0.004 -24"><span class='ocrx_word' id='word_1_120' title='bbox 121 1937 287 2005; x_wconf 88' lang='lat' dir='ltr'><strong>dominam</strong></span> <span class='ocrx_word' id='word_1_121' title='bbox 315 1945 349 2007; x_wconf 91' lang='lat' dir='ltr'><strong>et</strong></span> <span class='ocrx_word' id='word_1_122' title='bbox 378 1963 419 2007; x_wconf 88' lang='lat' dir='ltr'><strong>ne</strong></span> <span class='ocrx_word' id='word_1_123' title='bbox 442 1946 555 2007; x_wconf 85' lang='lat' dir='ltr'><strong>notem</strong></span> <span class='ocrx_word' id='word_1_124' title='bbox 578 1941 710 2026; x_wconf 86' lang='lat' dir='ltr'><strong>quidem</strong></span> <span class='ocrx_word' id='word_1_125' title='bbox 732 1943 944 2026; x_wconf 78' lang='lat' dir='ltr'><strong>negotiatori:</strong></span> <span class='ocrx_word' id='word_1_126' title='bbox 971 1941 1080 2007; x_wconf 76' lang='lat' dir='ltr'><strong>&gt;deni-</strong></span> 
     </span>
     <span class='ocr_line' id='line_1_20' title="bbox 122 2028 1081 2117; baseline 0.005 -25"><span class='ocrx_word' id='word_1_127' title='bbox 122 2047 184 2111; x_wconf 89' lang='lat' dir='ltr'><strong>que</strong></span> <span class='ocrx_word' id='word_1_128' title='bbox 203 2029 232 2093; x_wconf 92' lang='lat' dir='ltr'><strong>si</strong></span> <span class='ocrx_word' id='word_1_129' title='bbox 250 2028 389 2116; x_wconf 85' lang='lat' dir='ltr'><strong>dubitas,</strong></span> <span class='ocrx_word' id='word_1_130' title='bbox 407 2053 458 2095; x_wconf 89' lang='lat' dir='ltr'><strong>me</strong></span> <span class='ocrx_word' id='word_1_131' title='bbox 477 2031 588 2096; x_wconf 86' lang='lat' dir='ltr'><strong>uxoris</strong></span> <span class='ocrx_word' id='word_1_132' title='bbox 606 2033 681 2096; x_wconf 91' lang='lat' dir='ltr'><strong>tuae</strong></span> <span class='ocrx_word' id='word_1_133' title='bbox 700 2031 816 2097; x_wconf 87' lang='lat' dir='ltr'><strong>habitu</strong></span> <span class='ocrx_word' id='word_1_134' title='bbox 834 2031 941 2100; x_wconf 85' lang='lat' dir='ltr'><strong>mitte:</strong></span> <span class='ocrx_word' id='word_1_135' title='bbox 959 2031 1081 2117; x_wconf 84' lang='lat' dir='ltr'><strong>videro,</strong></span> 
     </span>
     <span class='ocr_line' id='line_1_21' title="bbox 119 2117 1131 2200; baseline 0.015 -21"><span class='ocrx_word' id='word_1_136' title='bbox 119 2136 163 2179; x_wconf 91' lang='lat' dir='ltr'><strong>an</strong></span> <span class='ocrx_word' id='word_1_137' title='bbox 184 2117 289 2200; x_wconf 87' lang='lat' dir='ltr'><strong>possit</strong></span> <span class='ocrx_word' id='word_1_138' title='bbox 311 2119 521 2186; x_wconf 75' lang='lat' dir='ltr'><strong>discerncre«.</strong></span> <span class='ocrx_word' id='word_1_139' title='bbox 1097 2135 1131 2185; x_wconf 80' lang='lat'><strong>20</strong></span> 
     </span>
    </p>
   </div>
   <div class='ocr_carea' id='block_1_9' title="bbox 320 2327 877 2537">
    <p class='ocr_par' dir='ltr' id='par_1_9' title="bbox 320 2327 877 2537">
     <span class='ocr_line' id='line_1_22' title="bbox 493 2327 705 2396; baseline 0.009 -2"><span class='ocrx_word' id='word_1_140' title='bbox 493 2327 705 2396; x_wconf 75' lang='lat' dir='ltr'><strong>cconxlv.</strong></span> 
     </span>
     <span class='ocr_line' id='line_1_23' title="bbox 320 2448 877 2537; baseline 0.005 -21"><span class='ocrx_word' id='word_1_141' title='bbox 320 2448 548 2517; x_wconf 75' lang='lat' dir='ltr'><strong>Conviciator</strong></span> <span class='ocrx_word' id='word_1_142' title='bbox 570 2469 704 2537; x_wconf 79' lang='lat' dir='ltr'><strong>pauper</strong></span> <span class='ocrx_word' id='word_1_143' title='bbox 726 2450 877 2520; x_wconf 81' lang='lat' dir='ltr'><strong>occisus.</strong></span> 
     </span>
    </p>
   </div>
   <div class='ocr_carea' id='block_1_10' title="bbox 120 2571 1131 2998">
    <p class='ocr_par' dir='ltr' id='par_1_10' title="bbox 120 2571 1131 2998">
     <span class='ocr_line' id='line_1_24' title="bbox 120 2571 1078 2659; baseline 0.002 -20"><span class='ocrx_word' id='word_1_144' title='bbox 120 2571 249 2659; x_wconf 86' lang='lat' dir='ltr'><strong>Pauper</strong></span> <span class='ocrx_word' id='word_1_145' title='bbox 274 2575 315 2642; x_wconf 85' lang='lat' dir='ltr'><strong>ed</strong></span> <span class='ocrx_word' id='word_1_146' title='bbox 338 2575 448 2642; x_wconf 85' lang='lat' dir='ltr'><strong>divitis</strong></span> <span class='ocrx_word' id='word_1_147' title='bbox 472 2576 603 2642; x_wconf 89' lang='lat' dir='ltr'><strong>domum</strong></span> <span class='ocrx_word' id='word_1_148' title='bbox 620 2581 720 2642; x_wconf 81' lang='lat' dir='ltr'><strong>noete</strong></span> <span class='ocrx_word' id='word_1_149' title='bbox 744 2575 919 2642; x_wconf 86' lang='lat' dir='ltr'><strong>conviciari</strong></span> <span class='ocrx_word' id='word_1_150' title='bbox 942 2576 1078 2642; x_wconf 87' lang='lat' dir='ltr'><strong>solebat.</strong></span> 
     </span>
     <span class='ocr_line' id='line_1_25' title="bbox 207 2663 1078 2749; baseline 0 -20"><span class='ocrx_word' id='word_1_151' title='bbox 207 2665 348 2748; x_wconf 84' lang='lat' dir='ltr'><strong>quodam</strong></span> <span class='ocrx_word' id='word_1_152' title='bbox 378 2668 525 2748; x_wconf 86' lang='lat' dir='ltr'><strong>tempore</strong></span> <span class='ocrx_word' id='word_1_153' title='bbox 552 2666 641 2730; x_wconf 86' lang='lat' dir='ltr'><strong>dives</strong></span> <span class='ocrx_word' id='word_1_154' title='bbox 669 2666 827 2749; x_wconf 87' lang='lat' dir='ltr'><strong>processit</strong></span> <span class='ocrx_word' id='word_1_155' title='bbox 855 2667 900 2748; x_wconf 88' lang='lat' dir='ltr'><strong>et,</strong></span> <span class='ocrx_word' id='word_1_156' title='bbox 933 2663 1078 2730; x_wconf 87' lang='lat' dir='ltr'><strong>insanire</strong></span> 
     </span>
     <span class='ocr_line' id='line_1_26' title="bbox 208 2753 1131 2839; baseline 0.003 -22"><span class='ocrx_word' id='word_1_157' title='bbox 208 2775 282 2817; x_wconf 89' lang='lat' dir='ltr'><strong>eum</strong></span> <span class='ocrx_word' id='word_1_158' title='bbox 310 2753 435 2837; x_wconf 88' lang='lat' dir='ltr'><strong>dicens,</strong></span> <span class='ocrx_word' id='word_1_159' title='bbox 468 2755 578 2818; x_wconf 87' lang='lat' dir='ltr'><strong>decem</strong></span> <span class='ocrx_word' id='word_1_160' title='bbox 602 2755 702 2820; x_wconf 84' lang='lat' dir='ltr'><strong>servis</strong></span> <span class='ocrx_word' id='word_1_161' title='bbox 726 2753 912 2839; x_wconf 87' lang='lat' dir='ltr'><strong>imperavit,</strong></span> <span class='ocrx_word' id='word_1_162' title='bbox 944 2755 981 2816; x_wconf 93' lang='lat' dir='ltr'><strong>ut</strong></span> <span class='ocrx_word' id='word_1_163' title='bbox 1005 2775 1078 2818; x_wconf 87' lang='lat' dir='ltr'><strong>cum</strong></span> <span class='ocrx_word' id='word_1_164' title='bbox 1096 2770 1131 2820; x_wconf 72' lang='lat'><strong>25</strong></span> 
     </span>
     <span class='ocr_line' id='line_1_27' title="bbox 210 2841 1077 2925; baseline 0.005 -21"><span class='ocrx_word' id='word_1_165' title='bbox 210 2841 340 2907; x_wconf 89' lang='lat' dir='ltr'><strong>domum</strong></span> <span class='ocrx_word' id='word_1_166' title='bbox 369 2841 530 2908; x_wconf 87' lang='lat' dir='ltr'><strong>ducerent.</strong></span> <span class='ocrx_word' id='word_1_167' title='bbox 576 2865 649 2908; x_wconf 90' lang='lat' dir='ltr'><strong>cum</strong></span> <span class='ocrx_word' id='word_1_168' title='bbox 671 2843 775 2908; x_wconf 84' lang='lat' dir='ltr'><strong>isdem</strong></span> <span class='ocrx_word' id='word_1_169' title='bbox 798 2842 923 2908; x_wconf 88' lang='lat' dir='ltr'><strong>occisus</strong></span> <span class='ocrx_word' id='word_1_170' title='bbox 945 2846 1077 2925; x_wconf 86' lang='lat' dir='ltr'><strong>postero</strong></span> 
     </span>
     <span class='ocr_line' id='line_1_28' title="bbox 209 2929 944 2998; baseline 0.007 -5"><span class='ocrx_word' id='word_1_171' title='bbox 209 2929 259 2994; x_wconf 86' lang='lat' dir='ltr'><strong>die</strong></span> <span class='ocrx_word' id='word_1_172' title='bbox 282 2930 433 2995; x_wconf 85' lang='lat' dir='ltr'><strong>inventus</strong></span> <span class='ocrx_word' id='word_1_173' title='bbox 455 2937 513 2998; x_wconf 86' lang='lat' dir='ltr'><strong>est</strong></span> <span class='ocrx_word' id='word_1_174' title='bbox 546 2930 634 2997; x_wconf 81' lang='lat' dir='ltr'><strong>dives</strong></span> <span class='ocrx_word' id='word_1_175' title='bbox 657 2932 765 2998; x_wconf 83' lang='lat' dir='ltr'><strong>caedis</strong></span> <span class='ocrx_word' id='word_1_176' title='bbox 785 2951 861 2996; x_wconf 84' lang='lat' dir='ltr'><strong>reus</strong></span> <span class='ocrx_word' id='word_1_177' title='bbox 885 2935 944 2998; x_wconf 86' lang='lat' dir='ltr'><strong>est</strong></span> 
     </span>
    </p>
   </div>
   <div class='ocr_carea' id='block_1_11' title="bbox 116 3103 1077 3370">
    <p class='ocr_par' dir='ltr' id='par_1_11' title="bbox 116 3103 1077 3370">
     <span class='ocr_line' id='line_1_29' title="bbox 173 3103 1077 3175; baseline 0 -17"><span class='ocrx_word' id='word_1_178' title='bbox 173 3109 190 3158; x_wconf 81' lang='grc'>3</span> <span class='ocrx_word' id='word_1_179' title='bbox 209 3105 254 3158; x_wconf 82' lang='lat' dir='ltr'><strong>est</strong></span> <span class='ocrx_word' id='word_1_180' title='bbox 271 3121 321 3160; x_wconf 85' lang='lat' dir='ltr'><strong>om.</strong></span> <span class='ocrx_word' id='word_1_181' title='bbox 340 3108 361 3157; x_wconf 78' lang='lat' dir='ltr'>B</span> <span class='ocrx_word' id='word_1_182' title='bbox 375 3106 385 3175; x_wconf 82' lang='grc' dir='ltr'><strong>ΙΙ</strong></span> <span class='ocrx_word' id='word_1_183' title='bbox 399 3110 415 3160; x_wconf 86' lang='grc'><strong>8</strong></span> <span class='ocrx_word' id='word_1_184' title='bbox 429 3103 584 3159; x_wconf 84' lang='lat' dir='ltr'><strong>admiratus</strong></span> <span class='ocrx_word' id='word_1_185' title='bbox 597 3110 628 3172; x_wconf 78' lang='grc' dir='ltr'><strong>Δ,</strong></span> <span class='ocrx_word' id='word_1_186' title='bbox 647 3105 803 3161; x_wconf 67' lang='grc' dir='ltr'><strong>ιᾱωίταῑῐιτ</strong></span> <span class='ocrx_word' id='word_1_187' title='bbox 815 3109 845 3174; x_wconf 74' lang='lat' dir='ltr'><strong>l,</strong></span> <span class='ocrx_word' id='word_1_188' title='bbox 864 3122 934 3161; x_wconf 78' lang='lat' dir='ltr'><strong>corr.</strong></span> <span class='ocrx_word' id='word_1_189' title='bbox 948 3105 1029 3173; x_wconf 65' lang='lat' dir='ltr'><strong>Acri</strong></span> <span class='ocrx_word' id='word_1_190' title='bbox 1044 3110 1077 3158; x_wconf 91' lang='lat'><strong>10</strong></span> 
     </span>
     <span class='ocr_line' id='line_1_30' title="bbox 117 3172 1076 3246; baseline 0.005 -20"><span class='ocrx_word' id='word_1_191' title='bbox 117 3172 335 3243; x_wconf 68' lang='lat' dir='ltr'><strong>aliquidem</strong></span> <span class='ocrx_word' id='word_1_192' title='bbox 357 3178 368 3245; x_wconf 66' lang='lat' dir='ltr'><strong>t</strong></span> <span class='ocrx_word' id='word_1_193' title='bbox 391 3176 510 3244; x_wconf 85' lang='lat' dir='ltr'><strong>cepisset</strong></span> <span class='ocrx_word' id='word_1_194' title='bbox 527 3181 547 3228; x_wconf 80' lang='lat' dir='ltr'>P</span> <span class='ocrx_word' id='word_1_195' title='bbox 569 3179 580 3246; x_wconf 68' lang='lat' dir='ltr'><strong>t</strong></span> <span class='ocrx_word' id='word_1_196' title='bbox 603 3182 637 3230; x_wconf 80' lang='lat'><strong>14</strong></span> <span class='ocrx_word' id='word_1_197' title='bbox 656 3193 711 3246; x_wconf 88' lang='lat' dir='ltr'><strong>qua</strong></span> <span class='ocrx_word' id='word_1_198' title='bbox 729 3181 770 3229; x_wconf 76' lang='lat' dir='ltr'><strong>Aa</strong></span> <span class='ocrx_word' id='word_1_199' title='bbox 791 3177 801 3246; x_wconf 80' lang='grc' dir='ltr'><strong>ΙΙ</strong></span> <span class='ocrx_word' id='word_1_200' title='bbox 825 3180 929 3230; x_wconf 82' lang='grc'>18-19</span> <span class='ocrx_word' id='word_1_201' title='bbox 948 3175 1076 3244; x_wconf 83' lang='lat' dir='ltr'><strong>deniquo,</strong></span> 
     </span>
     <span class='ocr_line' id='line_1_31' title="bbox 116 3242 1077 3370; baseline 0.002 -72"><span class='ocrx_word' id='word_1_202' title='bbox 116 3242 331 3370; x_wconf 47' lang='lat' dir='ltr'><strong>Qgpoffls</strong></span> <span class='ocrx_word' id='word_1_203' title='bbox 349 3247 358 3316; x_wconf 77' lang='grc' dir='ltr'><strong>ΙΙ</strong></span> <span class='ocrx_word' id='word_1_204' title='bbox 381 3251 415 3302; x_wconf 86' lang='lat'><strong>18</strong></span> <span class='ocrx_word' id='word_1_205' title='bbox 433 3249 525 3302; x_wconf 73' lang='lat' dir='ltr'><strong>totam</strong></span> <span class='ocrx_word' id='word_1_206' title='bbox 543 3250 564 3299; x_wconf 81' lang='lat' dir='ltr'><strong>a</strong></span> <span class='ocrx_word' id='word_1_207' title='bbox 582 3248 592 3316; x_wconf 75' lang='lat' dir='ltr'>n</span> <span class='ocrx_word' id='word_1_208' title='bbox 611 3252 644 3300; x_wconf 82' lang='lat'><strong>19</strong></span> <span class='ocrx_word' id='word_1_209' title='bbox 667 3246 834 3302; x_wconf 76' lang='lat' dir='ltr'><strong>habitans</strong></span> <span class='ocrx_word' id='word_1_210' title='bbox 852 3250 861 3317; x_wconf 75' lang='grc' dir='ltr'><strong>ιι</strong></span> <span class='ocrx_word' id='word_1_211' title='bbox 879 3253 914 3303; x_wconf 79' lang='lat' dir='ltr'><strong>ar</strong></span> <span class='ocrx_word' id='word_1_212' title='bbox 932 3245 1009 3300; x_wconf 77' lang='lat' dir='ltr'><strong>diem</strong></span> <span class='ocrx_word' id='word_1_213' title='bbox 1026 3251 1050 3300; x_wconf 79' lang='lat' dir='ltr'><strong>s</strong></span> <span class='ocrx_word' id='word_1_214' title='bbox 1067 3245 1077 3319; x_wconf 68' lang='lat' dir='ltr'><strong>p</strong></span> 
     </span>
    </p>
   </div>
   <div class='ocr_carea' id='block_1_12' title="bbox 0 0 1346 3956">
    <p class='ocr_par' dir='ltr' id='par_1_12' title="bbox 0 0 1346 3956">
     <span class='ocr_line' id='line_1_32' title="bbox 0 0 1346 3956; baseline 0 2"><span class='ocrx_word' id='word_1_215' title='bbox 0 0 1346 3956; x_wconf 95' lang='lat' dir='ltr'><strong> </strong></span> 
     </span>
    </p>
   </div>
  </div>
 </body>
</html>
