2682 3956
316 147 635 204 DECLAMATIONES.
655 148 844 206 ccccxxw.
994 149 1060 214 413

457 343 705 416 docimi.

226 468 423 538 Abdicatus
444 470 550 540 heres
573 472 619 540 ob
642 471 937 554 tyrannicidium.

104 598 309 663 Annmsuus
345 615 394 662 Du
431 614 603 664 Psunsms
635 613 740 665 eorus
772 616 872 663 rmum
909 615 1061 663 ananim

192 685 329 762 Quidam
356 686 507 751 hortatus
536 690 586 751 est
613 686 647 752 in
677 686 929 771 tyrannicidium
951 687 1062 752 filium.

191 776 357 841 nolentem
381 774 553 841 abdicavit.
584 776 726 840 moriens
751 777 882 860 scripsit
903 777 1064 859 heredem,
1083 788 1098 838 t

192 864 246 948 qui
278 867 454 948 tyrannum
490 863 671 930 occidisset.
723 864 892 930 abdicatus
929 865 1062 931 occidit:

191 954 274 1037 petit
296 954 392 1019 bona.

419 1127 751 1198 Dnonnmauic

170 1255 423 1340 »Abdicatus
451 1255 570 1339 inquit,
598 1277 643 1320 ne
672 1255 764 1340 quid
793 1256 836 1321 de
863 1257 977 1321 bonis
999 1279 1065 1341 pa-

12 1395 13 1402 ,
104 1345 177 1410 tris
210 1345 371 1428 capiat<
421 1348 556 1427 paterna
588 1343 668 1409 haec
700 1366 771 1410 essa
801 1345 889 1410 bona
922 1348 1118 1430 constat310

12 1477 14 1516 ἶ
107 1433 292 1499 abdicatum
325 1437 358 1497 te
386 1454 457 1498 esse
486 1454 585 1517 aeque
613 1436 717 1519 patet:
745 1455 826 1518 quae
854 1433 941 1499 ultra
969 1455 1065 1518 quae·¹

107 1523 170 1588 stio
195 1521 266 1586 est?

176 1609 368 1697 „Heredem
401 1610 519 1695 inquit,
553 1609 683 1695 scripsit
714 1610 967 1694 tyrannicidam
1005 1631 1066 1695 ego

110 1704 218 1765 autem
247 1701 420 1782 tyrannum
446 1696 577 1764 occidi.“
623 1697 715 1764 Nihil
739 1699 846 1784 refert,
870 1723 909 1764 an
935 1698 1067 1783 aliquod

37 1855 42 1862 ,
109 1788 159 1853 ius
190 1791 306 1874 postea
336 1786 542 1872 adquisieris:
574 1788 634 1853 filii
664 1788 844 1872 perdidisti.
890 1788 940 1853 lex
971 1788 1120 1872 enim,1o

108 1899 189 1963 quae
213 1878 372 1942 abdicatis
395 1880 530 1960 paterna
552 1877 639 1941 bona
657 1879 765 1962 negat,
788 1900 845 1962 per
865 1878 973 1942 omnia
991 1876 1065 1942 illos

110 1971 248 2032 amovet.
272 1988 506 2050 supervacuum
524 1988 665 2051 namque
684 1970 764 2051 erat,
788 1966 973 2031 abdicatum
992 1965 1066 2030 sub·

109 2076 252 2139 movere,
285 2056 339 2141 qui
368 2055 489 2140 alioqui
517 2055 701 2140 perdiderat
728 2059 898 2140 paternam
927 2056 1067 2120 domum.

110 2145 213 2227 igitur
235 2143 288 2207 lex
312 2144 406 2224 i[s]ta
424 2144 545 2228 scripta
563 2148 622 2228 ast,
644 2166 685 2208 ne
709 2167 773 2228 qua
795 2145 868 2229 lege
892 2143 1011 2208 reverti
1032 2143 1068 2206 in

12 2309 14 2316 Α
110 2232 239 2296 domum
263 2235 384 2315 posset.
421 2231 509 2314 <ane
534 2225 637 2316 quid,
660 2233 783 2316 inquit,
807 2254 849 2296 ex
871 2231 984 2296 bonis
1008 2251 1067 2294 ca·
1086 2242 1121 2292 20

12 2323 14 2392 ᾗ
108 2319 235 2404 piat«)
259 2320 337 2384 licet
359 2340 437 2404 ergo
461 2320 505 2383 sis
527 2321 740 2405 tyrannicida,
762 2342 828 2386 non
846 2320 980 2405 prodest
997 2319 1069 2384 tibi.

110 2430 170 2472 nec
193 2409 260 2474 ulla
283 2408 335 2474 lex
357 2407 490 2492 reducit,
515 2431 610 2492 quem
635 2409 745 2493 aliqua
767 2409 914 2491 exclusit,
938 2412 971 2473 et
990 2428 1069 2472 sem·

110 2520 183 2583 per,
211 2497 347 2579 iudices,
374 2498 541 2580 potentior
567 2497 620 2561 lex
644 2502 706 2576 est,
736 2519 817 2581 quae
840 2499 944 2580 vetat,
973 2518 1070 2580 quam

113 2609 195 2672 quae
218 2587 386 2670 permittit.
435 2587 488 2667 [ne
512 2585 597 2670 quid,
620 2586 733 2670 inquit,
758 2607 796 2650 ex
819 2586 914 2651 bonis
937 2583 1068 2669 capiat]

109 2675 172 2740 hoc
200 2675 299 2740 etiam
322 2676 357 2740 in
379 2675 632 2761 magistratuum
661 2677 825 2759 potestate
848 2678 1008 2739 servatur:
1037 2680 1070 2740 et
1088 2683 1122 2732 25

113 2762 186 2848 plus
215 2767 325 2847 potest
350 2764 488 2849 [inquit]
512 2786 594 2830 unus
624 2764 680 2849 qui
703 2767 805 2847 vetat,
837 2785 934 2848 quam
958 2785 1069 2829 omnes

113 2852 170 2936 qui
199 2852 320 2916 iubent.
366 2853 400 2916 in
428 2854 637 2939 permittente
667 2853 752 2918 enim
782 2852 885 2917 libera
914 2855 1070 2938 potestas,

112 2941 148 3004 in
166 2943 298 3005 vetante
320 2961 426 3024 poena
448 2945 505 3006 est.
536 2941 662 3006 Deinde
684 2941 765 3006 haec
787 2942 839 3006 lex
862 2941 994 3025 publica
1013 2945 1071 3026 est,

112 3028 154 3095 ad
177 3051 289 3095 omnes
312 3029 466 3114 pertinet:
490 3033 721 3095 testamentum
740 3029 905 3114 privatum
928 3032 987 3095 est.
1014 3051 1069 3114 po-

183 3209 199 3258 9
219 3204 287 3272 quid
305 3205 334 3258 et
352 3203 387 3258 de
405 3208 426 3287 ii
449 3203 458 3272 ΙΙ
485 3210 517 3258 tt
536 3201 615 3258 filiii
638 3203 648 3273 11
672 3209 703 3258 17
723 3203 857 3258 admonet
873 3207 894 3258 B
912 3205 923 3273 ΙΙ
938 3208 970 3257 19
988 3203 1072 3328 quta

113 3273 166 3329 Solu
178 3276 189 3342 l
202 3280 237 3330 20
254 3274 333 3348 <sne
352 3293 387 3344 q„
405 3294 434 3344 a,
453 3293 475 3330 a.
496 3275 522 3330 b.
542 3272 679 3414 capratcp
697 3274 750 3330 Sola
763 3277 773 3346 ΙΙ
787 3280 820 3328 22
841 3283 872 3330 Ν
889 3276 998 3346 Aflexc
1009 3275 1073 3330 uda

112 3345 206 3413 31124
224 3345 272 3416 [ne
291 3365 317 3415 q.
335 3345 354 3401 i.
371 3363 406 3434 eL
415 3347 443 3402 b.
463 3346 570 3417 capiat]
590 3346 644 3401 Solu

110 3451 182 3487 unus
204 3433 260 3490 eor
273 3435 283 3504 ss
296 3439 330 3489 27
349 3435 520 3491 intmittsnte
538 3439 562 3488 Δ

680 3351 714 3402 26
734 3345 851 3417 [inquit]
866 3344 925 3413 aa·
942 3363 969 3416 p.
984 3345 1071 3401 inhia
