2670 3962
393 139 711 200 oucurrraurouas.
731 141 844 199 occu.
1041 143 1105 208 217

543 301 717 372 SERMO.

215 425 306 494 Haeo
330 431 419 512 sunt,
442 448 523 513 quae
546 427 633 496 inter
655 431 826 513 utramque
850 432 977 514 partem
1000 449 1108 494 neces·

150 516 237 583 serio
261 516 466 584 conveniunt.

463 691 800 761 DECLAMATIO.

215 817 325 905 Negat
357 818 500 904 optionis
531 819 696 904 expletum
724 839 794 884 esse
822 819 887 904 ius,
919 819 1003 904 quod
1031 823 1142 886 antee

148 907 313 994 optaverit
335 929 432 992 quam
454 911 579 974 eertum
603 912 689 974 esset
709 907 858 994 rapuisse
885 929 972 992 eum,
995 911 1108 974 eontra

147 1019 244 1082 quem
269 996 413 1080 optabat
443 1015 503 1081 ego
528 999 637 1064 autem
660 997 696 1062 iu
718 998 790 1082 lege
813 996 939 1062 nullam
963 995 1107 1064 animad-

147 1089 240 1164 verto
261 1083 488 1161 differentiam:
513 1088 546 1150 et
564 1085 627 1152 hoo
645 1107 746 1152 unum
765 1089 944 1170 exceptum,
961 1089 999 1152 ut
1012 1088 1108 1172 rapte

146 1173 292 1260 raptoris
320 1177 458 1240 mortem
487 1176 587 1259 optet.
632 1173 821 1259 viderimus,
854 1197 895 1240 au
922 1174 956 1240 in
981 1179 1107 1242 eontro·

147 1263 291 1330 versiam
313 1283 366 1328 res
390 1261 527 1329 adduote
550 1261 593 1328 sit
610 1265 740 1348 postes:
763 1263 894 1330 interim
912 1265 1036 1330 eertum
1055 1267 1106 1328 est
1124 1279 1157 1328 10

146 1351 233 1420 huno
256 1349 357 1417 fuisse
380 1355 554 1436 raptorem.
593 1373 672 1438 ergo
695 1372 768 1418 eum
791 1355 824 1418 et
845 1355 883 1417 tu
905 1353 1001 1436 rapta
1020 1372 1105 1418 esses

148 1443 181 1505 et
203 1440 258 1508 hio
279 1444 395 1525 raptor
418 1444 503 1506 esset
521 1443 554 1505 et
571 1441 622 1506 lex
641 1445 753 1520 raptae
772 1443 885 1525 optare
900 1440 1107 1525 permitteret

147 1532 180 1594 et
202 1532 240 1595 tu
264 1527 438 1614 optaueris,
467 1549 533 1595 uon
556 1527 664 1612 udeo,
697 1549 795 1614 quare
816 1549 884 1596 nou
906 1527 1032 1594 finitum
1055 1527 1106 1592 ius

147 1617 200 1684 sit.
233 1615 298 1703 „Ar
319 1621 436 1702 postea
457 1620 494 1682 tu
513 1618 651 1703 negasti,
672 1620 705 1683 te
724 1639 795 1684 esse
814 1615 1007 1700 raptorem.“
1029 1615 1107 1683 Ideo

148 1706 255 1773 vietus
269 1727 351 1788 sum.
382 1705 455 1788 feei,
475 1705 503 1772 si
522 1705 582 1790 vis,
605 1706 742 1792 inprobe
761 1702 889 1792 (differo
909 1705 994 1773 enim
1012 1704 1107 1772 istius
1130 1719 1162 1770 rs

147 1795 194 1861 rei
229 1792 478 1881 defensionem),
509 1794 572 1862 feei
606 1798 739 1861 temere:
772 1793 850 1879 quid
884 1798 993 1862 tamen
1021 1793 1109 1862 aliud

150 1881 262 1970 quaeri
289 1882 398 1969 potuit
420 1882 454 1950 in
478 1883 535 1949 illo
559 1881 692 1968 iudicio,
725 1905 823 1968 quam
846 1883 922 1967 hoe,
953 1905 1049 1969 quem
1073 1888 1110 1948 tu

146 1973 264 2040 merito
289 1971 458 2057 optasses?
481 1972 630 2057 probasti
652 1976 818 2057 raptorem
838 1971 941 2039 fuisse
959 1995 1026 2057 me,
1049 1971 1111 2038 hoo

148 2065 212 2146 est,
234 2061 383 2146 probasti
406 2064 440 2127 te
462 2064 549 2127 reete
573 2064 712 2147 optasse.
748 2061 836 2128 volui
854 2059 1035 2128 rescindere
1055 2081 1109 2146 op-

147 2149 272 2218 tionem
294 2153 399 2235 tuam;
422 2171 490 2217 nou
512 2149 661 2236 contigit.
1132 2163 1165 2214 so

542 2321 721 2412 saeuo<

217 2449 308 2517 Haeo
332 2451 419 2548 eirea
441 2451 502 2534 ius,
524 2451 584 2516 ille
608 2451 694 2517 eirea
717 2451 923 2536 aequitatem.

463 2625 798 2695 DECLAMATIO.

166 2831 168 2838 ¹
216 2751 274 2821 Bis
304 2754 416 2836 optare
439 2751 503 2834 vis,
531 2751 617 2838 quod
641 2751 740 2818 etiam
764 2749 864 2818 semel
887 2747 1027 2818 multum
1050 2751 1109 2816 est.

149 2843 349 2926 potestatem
372 2839 434 2906 tibi
457 2839 545 2906 vitae
569 2862 607 2908 ee
634 2840 721 2907 neeis
746 2839 797 2906 lex
817 2837 913 2905 dedit.
952 2837 1038 2904 ultra
1061 2859 1109 2904 re·
1128 2852 1163 2904 25

149 2950 250 3016 gnum
274 2949 378 3014 omne,
400 2928 488 2994 ultra
510 2928 718 3014 tyrannidem
741 2949 870 2995 omnem
890 2929 948 3010 est,
971 2926 1033 2995 hoc
1057 2925 1112 2992 diu

148 3017 255 3084 licere.
300 3016 439 3082 fulmina
460 3016 535 3100 ipsa
556 3017 711 3083 velociter
733 3016 868 3100 eadunt3
891 3016 992 3083 habet
1015 3016 1112 3081 finem

150 3107 292 3192 aliquem
312 3105 546 3190 expectationis
564 3105 685 3170 seeuris
704 3104 764 3170 illa
782 3104 953 3171 carnificis.
979 3103 1008 3168 si
1026 3123 1112 3168 mor·

149 3199 218 3264 tem
255 3198 405 3279 optasses
438 3197 472 3260 et
502 3193 634 3279 nuptias
668 3195 781 3278 optare
812 3193 925 3274 velles,
957 3191 1112 3258 videreris

223 3358 255 3408 11
270 3351 374 3406 hauet!
389 3353 398 3421 ΙΙ
413 3356 448 3406 14
461 3354 524 3406 uolt
539 3352 548 3422 ΙΙ
563 3355 596 3406 17
606 3367 690 3420 quum
703 3349 748 3421 tu]
764 3349 949 3418 quantumds
962 3349 972 3418 ΙΙ
986 3353 1019 3402 19
1034 3349 1112 3420 repte

148 3428 179 3492 B,
197 3425 279 3494 rapte
298 3423 389 3491 rpus
408 3421 462 3476 tibi
480 3437 531 3478 orn.
550 3422 642 3492 ³d²8
661 3421 723 3492 ipsa
741 3419 785 3476 Ro
798 3422 808 3492 i
822 3426 855 3476 29
874 3419 978 3475 videris
996 3423 1064 3473 Aa!
