2682 3956
223 169 290 236 422
590 169 821 236 Qofflmlero

617 349 794 417 SERMO.

291 473 364 540 Hoc
388 479 440 541 est
462 475 692 542 difficillimum
714 476 750 540 iu
767 475 828 540 hac
846 475 1078 558 controversia,
1099 475 1189 560 quod

223 561 259 628 iu
290 563 403 630 eadem
425 565 614 630 condicione
646 568 679 629 et
709 563 878 649 parricidii
914 568 948 628 et
983 562 1100 628 mortis
1136 568 1189 628 est

225 651 363 718 militiae
385 657 509 718 metus:
532 675 628 738 quem
652 654 680 718 si
701 652 894 736 infitiamur,
915 674 982 717 nou
1004 651 1188 736 habuimus,

188 757 282 808 tour
303 741 368 825 ipsi
390 741 547 808 vellemus
570 741 668 827 mori3
697 741 725 806 si
747 741 898 824 fatemur,
919 740 1107 824 habuimus,
1130 762 1188 806 cur

222 832 352 914 patrem
375 831 534 898 vellemus
558 830 712 896 occidere.
756 830 864 896 medio
895 830 997 914 igitur
1026 835 1187 914 tempera·

224 921 335 985 mento
359 941 441 1003 opus
464 923 523 984 est.

555 1142 847 1213 ocoLxxvlll.

449 1265 586 1336 Auctor
608 1271 706 1354 pacis
729 1269 958 1338 abdicandus.

171 1430 205 1482 10
224 1411 323 1479 Victa
345 1412 470 1478 duobus
493 1414 627 1498 proeliis
651 1414 793 1497 civitate,
815 1415 916 1479 tertia
937 1414 1098 1478 instructa
1116 1415 1186 1479 acie

312 1501 480 1587 pollicitus
507 1523 620 1588 pacem
648 1503 853 1587 adulescens,
885 1503 913 1567 si
942 1502 1186 1587 permitteretur

313 1591 376 1655 sibi
399 1611 474 1655 cunr
496 1590 576 1657 duce
599 1590 745 1657 hostium
772 1592 876 1676 loqui,
899 1592 980 1675 spost
1007 1591 1186 1656 discessum

273 1745 277 1752 ,
313 1699 425 1744 eorum
448 1678 525 1763 quia
547 1699 613 1745 non
635 1680 757 1770 iudicat
779 1680 880 1765 patri,
903 1679 1082 1745 abdicatur.

538 1855 872 1923 DECLAMATIO.

172 1996 206 2047 15
290 1977 368 2046 Non
391 2000 462 2044 esse
483 1980 693 2065 privilegium
715 1982 906 2067 parentibus
929 1980 1041 2046 datum
1064 1985 1186 2064 †men-

224 2067 325 2148 tior.†
370 2067 482 2133 datam
509 2091 582 2134 esse
614 2069 707 2135 video
739 2070 851 2135 liberis
881 2068 1101 2154 respondendi
1127 2092 1185 2155 po·

223 2160 392 2241 testatem,
431 2161 465 2223 et
501 2158 540 2222 de
572 2157 776 2224 abdicatione
807 2157 946 2224 iudicem
978 2179 1185 2243 cognoscere.

224 2246 295 2312 dico
319 2247 421 2333 igitur
444 2251 534 2312 certa
557 2268 636 2329 esse,
659 2269 741 2331 quae
764 2247 926 2331 imperent
948 2252 1073 2332 patres:
1095 2249 1185 2313 navi-

224 2333 402 2422 gationem,
420 2335 587 2418 militiam3
611 2335 769 2419 quaedam
789 2335 908 2419 excipi:
932 2336 1102 2418 senatoris,
1115 2357 1185 2401 ms·

171 2440 207 2491 20
225 2423 400 2509 gistratus,
423 2422 538 2488 iudicis
562 2425 772 2489 senteutiam:
800 2430 834 2489 et
855 2423 977 2490 liberos
1000 2446 1084 2504 esse,
1107 2425 1186 2510 quia

225 2512 321 2580 cives.
365 2512 451 2579 hano
477 2533 554 2577 vero
582 2532 702 2578 novam
730 2514 849 2598 legem,
872 2512 1039 2578 silentium
1061 2512 1185 2578 crimen

225 2623 305 2667 esse.
352 2623 425 2667 cum
455 2600 623 2666 abdicetur
654 2602 863 2685 procacitatis
895 2601 1091 2685 petulantia,
1123 2601 1184 2666 sub

224 2690 287 2756 hoc
309 2694 404 2775 patre
426 2692 533 2754 tacere
555 2690 730 2756 nonlicet
760 2690 847 2774 finge
864 2693 899 2754 te
917 2711 1081 2774 quaerere,
1104 2689 1184 2774 quid

225 2778 330 2843 amieo
352 2777 546 2844 deliberanti
569 2780 742 2843 suaserim:
765 2779 994 2862 extorquebis?
1016 2799 1117 2862 quare
1134 2778 1184 2843 iu-

171 2883 206 2934 tt
225 2865 286 2932 dex
307 2887 399 2932 reum
423 2866 666 2932 damnaverim?
690 2888 787 2951 quam
809 2867 971 2933 rationem
995 2870 1127 2932 senator
1149 2867 1185 2931 in

226 2956 388 3022 sententia
416 2959 544 3022 secutus
568 2954 653 3020 sim?
698 2956 765 3021 isto
787 2955 884 3020 modo
906 2956 1081 3022 levissimis
1105 2975 1184 3040 quo·

225 3066 288 3130 que
310 3045 416 3111 causis
435 3043 643 3128 expellamur,
666 3047 700 3108 et
717 3047 892 3128 utcumque
910 3045 1058 3110 delicatis
1077 3044 1185 3110 risum
1313 3041 1318 3054 '

296 3243 314 3292 4
338 3235 501 3293 infatiamur
525 3240 567 3289 Ae
592 3237 602 3307 l
629 3241 645 3290 5
670 3235 731 3305 ipse
756 3241 780 3290 Δ
805 3237 815 3306 ΙΙ
843 3241 859 3290 6
884 3237 993 3304 patrem
1018 3252 1068 3292 oro.
1092 3241 1113 3288 P
1134 3238 1184 3304 ΗΒ

226 3306 421 3363 ΟΟΟΒΧΧἯΙ
438 3312 516 3360 B-l’
529 3309 539 3378 ΙΙ
554 3313 586 3361 11
606 3308 783 3376 permitteret
799 3305 843 3374 ΒΗ
863 3311 895 3360 12
916 3306 1054 3362 discessus
1072 3307 1135 3377 del
1151 3312 1185 3361 16

224 3377 349 3516 ἥξὲτῦ
350 3377 447 3500 31¹erss
470 3377 568 3434 datum
586 3382 607 3430 B
629 3379 640 3447 ΙΙ
663 3382 696 3431 18
714 3377 855 3448 imperant
871 3379 914 3448 ΡΙΙ
933 3383 968 3432 24
986 3380 1015 3433 et
1033 3379 1185 3447 torquebas
