2692 3960
407 122 724 182 DECLAMATIONES.
744 125 896 183 CCCXXX.
1058 128 1122 194 297

432 298 435 303 ’
468 335 811 406 nnonnnnrro.

222 477 299 545 Non
325 477 456 563 ignoro,
484 478 708 565 expectatione
737 480 883 547 criminis
914 504 966 547 me
996 489 1123 553 onerari

156 590 197 635 ex
226 568 289 633 hoc
316 567 504 653 praecipue,
532 568 617 653 quod
639 567 795 635 abdicans
822 569 997 656 indulgens
1020 577 1124 658 pater.

156 658 269 741 itaque
287 655 403 722 ncilla
420 656 550 741 quidem
569 657 684 744 dicere,
707 680 790 742 quae
809 659 906 724 initio
926 660 1122 729 defensionis

158 745 331 811 sollemnia
353 745 453 810 ceteri
475 745 613 832 hubent,
642 769 786 831 possum.
832 748 945 834 ecquid
968 752 1156 835 peccaritc

156 833 315 920 numquid
345 833 527 900 luxuriatus
558 834 652 901 sum?
686 835 844 921 numquid
871 837 959 904 bona
984 844 1124 923 paterna

157 921 367 1006 consumpsi?
405 923 560 1007 numquid
588 924 791 990 meretricem
819 926 949 992 amavi?
986 951 1060 994 cum
1082 951 1121 996 eo

156 1012 240 1078 mihi
261 1014 355 1096 patre
377 1032 430 1077 res
453 1015 517 1097 est,
544 1013 600 1098 qui
626 1013 821 1079 remissurus
844 1014 925 1080 haec
946 1014 1020 1082 fuit
1061 1018 1122 1084 uti·

156 1121 234 1166 nam
260 1099 433 1184 profutura
459 1100 526 1166 ista
551 1101 726 1187 frugalitas
755 1106 842 1168 esset
871 1105 956 1188 apud
978 1108 1120 1191 patrem!

154 1210 242 1255 nunc
270 1189 375 1254 omnis
402 1188 516 1256 iudicii
544 1211 673 1275 scaena,
700 1211 795 1257 omne
821 1192 1002 1276 pericnlum
1029 1217 1119 1262 meae
1140 1212 1174 1262 1ο

157 1277 327 1363 dignitatis
350 1299 391 1343 ex
411 1277 474 1344 hoc
498 1278 611 1364 oritur,
634 1279 720 1364 quod
742 1279 913 1364 pecuniam
935 1303 1003 1348 non
1021 1305 1121 1350 mere

155 1367 231 1432 trici
254 1366 337 1432 dedi.

222 1453 261 1520 In
278 1455 342 1521 hoc
363 1455 458 1538 enim,
481 1458 519 1519 ut
537 1455 662 1540 opinor,
686 1456 792 1522 omnis
812 1457 996 1524 criminatio
1015 1459 1119 1525 divisa

157 1545 208 1609 est
230 1544 343 1628 patris,
367 1543 453 1628 quod
471 1548 609 1610 matrem
628 1544 775 1629 aluerim,
798 1545 884 1630 quod
902 1547 1010 1630 talem,
1034 1547 1120 1632 quod

156 1635 249 1717 patre
275 1632 456 1718 ignorante.
495 1631 589 1710 Quod
612 1633 659 1699 sic
681 1637 821 1699 matrem
844 1634 925 1713 alui,
952 1633 1119 1720 (blandior
1138 1652 1173 1703 lc

155 1719 239 1788 mihi
261 1719 374 1806 adhuc,
397 1719 506 1808 pater)
530 1725 600 1788 erat
623 1722 709 1807 quod
727 1723 763 1788 in
780 1744 833 1788 me
851 1723 978 1790 laudari
997 1729 1118 1812 posset,

156 1810 185 1875 si
207 1809 243 1876 id
264 1809 439 1894 quid<em>
459 1811 614 1878 obiceres.
650 1811 762 1897 itaque
785 1810 1007 1878 defensionem
1022 1813 1120 1880 huius

154 1899 259 1982 partis
281 1898 456 1964 iucundam
478 1899 676 1984 praeteribo,
698 1921 740 1965 ne
763 1921 862 1985 quam
885 1902 1051 1986 quaesisse
1074 1903 1119 1969 ri·

155 1985 232 2052 dear
259 1988 477 2073 occasionem,
504 2010 568 2074 qua
596 1989 634 2054 de
664 1989 746 2055 meis
777 1988 928 2056 laudibus
961 1992 1119 2076 loquerer.

3 2113 28 2139 1.
155 2071 220 2140 scd
246 2075 452 2161 repudiatam
473 2080 586 2143 tamen
609 2077 743 2143 crimine
766 2077 918 2145 adulterii
942 2080 1019 2146 alui.
1069 2101 1118 2147 sa·
1137 2095 1173 2146 1ο

155 2163 200 2229 tis
224 2169 295 2230 erat
316 2163 399 2230 mihi
421 2165 630 2250 respondere,
657 2166 794 2233 iudices:
826 2167 916 2234 istud
938 2167 1119 2254 qualecum-

156 2272 219 2334 que
241 2255 301 2336 est,
323 2252 365 2318 ad
388 2252 494 2319 filium
522 2275 589 2320 non
611 2256 761 2341 pertinet
803 2256 914 2321 mariti
936 2278 1043 2323 mores
1066 2279 1118 2324 ex·

156 2339 292 2424 cutiant,
315 2341 426 2406 mariti
449 2343 655 2409 severitatem
679 2343 878 2410 desiderent:
900 2344 1014 2412 liberis
1039 2346 1119 2412 satis

157 2430 222 2513 est,
252 2428 339 2513 quod
366 2429 437 2495 nati
459 2433 543 2496 sunt
588 2434 625 2495 at
646 2431 777 2498 hercule
799 2432 926 2500 facilior
948 2435 1031 2499 mihi
1052 2436 1120 2500 rin·

155 2516 285 2582 dicandi
306 2519 453 2602 potestas
477 2519 611 2603 abipso
635 2521 768 2586 crimine
792 2525 851 2606 est,
874 2523 961 2608 quod
983 2544 1051 2588 non
1070 2526 1120 2588 est
1138 2536 1173 2588 15

155 2605 339 2692 litigatum,
365 2627 434 2674 non
460 2611 512 2673 est
539 2607 737 2693 quaesitum,
762 2630 830 2676 non
857 2615 908 2676 est
928 2612 1119 2696 pronuntia-

155 2697 235 2780 tum,
248 2694 457 2762 maledictum
479 2695 580 2764 inerit
593 2719 636 2763 an
655 2696 786 2782 crimen,
805 2701 996 2767 conscientia
1014 2705 1120 2766 mater

155 2781 342 2849 discesserit
373 2806 417 2850 an
448 2785 655 2872 verecundia3
687 2785 817 2872 v<a>na
843 2791 877 2852 te
908 2790 1050 2874 suspicio
1079 2812 1119 2856 an

229 2980 246 3030 3
265 2974 381 3030 abdicat
397 2980 438 3029 Ab
461 2976 608 3046 11411113
631 2979 640 3048 l
663 2983 679 3033 5
699 2979 770 3034 haec
789 2979 857 3049 quid
874 2985 898 3033 Δ
920 2983 929 3051 l
951 2987 968 3036 8
992 2982 1118 3037 remis·

155 3045 264 3100 1οῖΔ
287 3047 297 3118 l
321 3051 354 3101 14
378 3049 469 3104 matre
487 3047 635 3104 maluerim
653 3053 694 3102 Δι
716 3051 726 3119 l
750 3054 784 3104 16
806 3049 920 3105 matrim
938 3055 962 3103 Δ
983 3053 993 3120 fl
1017 3057 1050 3106 1‘1
1069 3051 1119 3105 ali-

156 3116 225 3184 quid
242 3121 310 3187 u,
336 3133 408 3175 corr.
425 3116 470 3174 Ro
487 3120 497 3187 n
517 3123 549 3174 18
567 3118 657 3188 patris
675 3123 726 3172 n
744 3121 754 3188 ΙΙ
771 3120 920 3176 iocundam
938 3125 962 3173 Δ
980 3124 990 3189 l
1009 3126 1041 3175 19
1065 3136 1120 3190 qus

154 3190 176 3242 B
193 3189 203 3256 l
226 3193 262 3243 20
280 3187 440 3258 repudiauit
458 3192 478 3243 B
499 3191 509 3258 l
528 3188 615 3256 fort*
634 3189 755 3261 [lamen]
774 3191 784 3259 l
802 3196 835 3244 22
854 3194 946 3245 mores
964 3207 1021 3246 non
1039 3207 1120 3246 excu-

154 3258 249 3312 terent
266 3261 429 3329 fist-24
447 3259 552 3316 laberis
572 3259 640 3315 satis
660 3260 726 3314 sunt
744 3277 770 3343 q.
788 3263 881 3332 31124
900 3263 930 3316 et
947 3261 1059 3317 hercule
1077 3261 1119 3318 ia-

155 3325 237 3382 cilius
264 3333 327 3397 111,
354 3346 425 3388 corr.
449 3331 504 3388 Set
530 3332 540 3401 l
567 3337 600 3386 27
621 3333 781 3388 constantia
798 3333 862 3402 Aa,
890 3347 959 3389 corr.
980 3333 1021 3390 Gr
1048 3336 1058 3404 l
1084 3337 1119 3390 28

154 3395 269 3470 v<a>na
286 3398 335 3456 Ba
