2640 3968
503 169 718 228 PRAEFATIO.
1012 171 1092 229 XVII

128 323 325 401 usurpantem
347 341 494 400 persaepe
518 323 677 397 praeterea
699 323 801 400 aliqua
815 325 920 399 rerba,
943 343 1020 400 quae
1033 343 1090 401 per

127 416 301 497 compendia
332 441 395 482 non
425 421 555 480 multum
589 420 790 496 ffiserepantia
821 422 902 482 inter
926 441 966 484 ae
998 423 1090 483 scribi

125 521 236 595 solent,
258 522 376 580 mutata
396 521 476 580 inter
494 536 538 593 ee,
562 518 658 579 veluti
675 520 779 579 tamen
796 523 827 580 et
845 522 974 598 tantum,
998 521 1090 581 etiam

127 616 179 675 ubi
201 617 233 676 in
254 616 281 675 B
300 621 332 676 et
352 617 384 677 in
401 617 425 675 P
444 614 582 676 omnibus
600 614 697 674 literis
716 635 859 693 expressa
877 619 957 678 eunt
995 618 1090 695 Atqui

125 717 205 774 oerte
228 733 288 775 non
312 713 389 778 tanti
412 733 478 774 aare
500 713 626 789 poterat
645 711 722 773 liber
743 713 770 772 B
793 713 938 792 Ugoleto,
962 714 1091 775 elidem

126 812 321 873 vetustiorem
338 813 426 872 illum
443 811 556 871 librum
575 825 665 868 suum
682 810 822 884 habebat.
855 811 939 872 Haeo
952 830 1036 890 ergo,
1055 816 1091 872 nt

125 911 228 986 paneis
251 913 401 986 repetem,
425 909 462 970 de
486 907 623 967 omnibus
646 906 708 967 illis
729 927 857 985 qnorum
880 908 1001 970 initiam
1023 912 1091 970 erat

125 1010 180 1066 aut
198 1010 246 1068 est
265 1026 283 1066 a
302 999 519 1068 declamatione
534 1004 597 1064 252
613 1005 721 1082 madia,
743 1006 829 1067 libris
840 1007 932 1070 velim
945 1010 1089 1080 statuere,

126 1103 223 1165 Vetua
246 1105 400 1181 exemplar
422 1104 517 1163 fuisse
535 1122 641 1163 unum:
663 1103 744 1180 quod
762 1105 858 1180 primo
877 1105 910 1164 in
928 1103 1090 1165 Germania

126 1203 195 1262 ueni
226 1202 321 1262 fuisse
352 1201 511 1278 Agrieolae
545 1190 591 1280 (et
622 1202 721 1263 neaoio
754 1221 792 1266 an
817 1202 916 1268 *etiam
951 1201 1089 1263 Cornelio

125 1300 282 1377 Agrippae
295 1301 331 1360 of.
346 1319 375 1375 p.
392 1301 433 1362 16
442 1283 490 1378 n),
504 1302 569 1358 tum
583 1299 765 1360 translatum
781 1297 889 1360 Senem
903 1319 923 1360 a
937 1298 1089 1376 Campano

124 1396 292 1472 insperatum
315 1415 397 1475 eoae,
420 1395 526 1456 deinde
548 1396 749 1472 paratiquod
772 1397 891 1473 tempus
916 1415 1089 1457 conoessum

125 1488 292 1576 Ugoleto*)
316 1513 442 1571 eumque
467 1495 529 1556 euia
547 1495 651 1556 usibus
671 1496 703 1554 et
721 1494 945 1570 praeparandae
965 1493 1090 1555 editioni

124 1591 237 1651 librum
250 1591 453 1668 descripsiaae,
469 1591 650 1668 descriptum
665 1591 798 1666 eleganti
808 1590 1088 1669 scripturientium,

125 1689 337 1750 Monaoeneam
358 1691 494 1752 nostrum
513 1689 548 1765 B,
571 1688 683 1750 iterum
705 1688 935 1750 describendum
958 1707 1089 1763 euroeae,

124 1790 162 1846 ut
188 1786 276 1848 fieret
303 1779 526 1866 exemplum**)
555 1785 667 1863 operis,
696 1785 775 1862 quod
797 1785 986 1861 pessumire
1009 1785 1090 1846 inter

125 1903 230 1944 eorum
257 1902 363 1944 manua
391 1902 451 1946 non
478 1885 558 1946 tanti
584 1888 685 1950 esset„
719 1883 834 1944 Eodem
861 1882 924 1942 iere
953 1885 1088 1960 tempore

124 1982 219 2042 etiam
251 1979 431 2058 Ohigianum
463 1982 574 2044 librum
607 1981 630 2044 Ο
664 2001 701 2042 ar
729 1981 783 2042 illo
814 1983 935 2045 vetusto
964 1981 1090 2042 Senensi

197 2211 298 2283 ²)Qei
324 2213 442 2268 eundem
465 2211 602 2284 Campani
626 2217 655 2270 et
675 2209 790 2284 Ugoleti
813 2212 917 2268 librum
942 2227 1002 2268 ease
1026 2229 1088 2282 per-

125 2285 245 2340 suadere
268 2285 323 2339 eibi
347 2301 404 2340 non
426 2287 571 2354 poterunt,
594 2284 730 2340 facillime
748 2300 896 2340 eommnne
914 2283 1025 2352 utrique
1044 2301 1098 2346 ar»

125 2357 279 2425 ohetypum
303 2355 422 2411 sument.
460 2354 515 2410 Sed
538 2373 575 2411 ne
593 2355 666 2410 illud
684 2355 799 2425 quidem
818 2358 897 2425 extra
915 2371 1025 2410 omnem
1044 2372 1088 2411 ra·

124 2427 243 2496 tionem,
258 2426 282 2480 ei
296 2423 359 2496 quie
373 2426 470 2480 eredat
482 2423 586 2480 librum
601 2425 716 2496 Ugoleti
730 2443 764 2480 ex
779 2424 979 2496 Campaniano,
997 2425 1087 2480 multo

123 2497 245 2553 famaene
259 2500 324 2553 ante
339 2513 424 2566 quam
438 2497 634 2552 transferretur
647 2496 677 2550 in
690 2497 812 2565 Italiam,
829 2513 889 2552 ease
904 2495 1086 2566 descriptum.

123 2603 265 2660 Tabulam
281 2603 370 2674 igitur
387 2601 573 2660 illustrandae
591 2603 632 2658 rei
686 2601 742 2658 Sed
755 2618 791 2657 ne
805 2603 878 2656 tales
893 2600 1008 2670 quidem
1018 2595 1087 2657 imass

198 2675 272 2730 hane
290 2691 447 2745 proponere
464 2674 580 2730 relima
708 2674 788 2744 ginea
802 2672 900 2742 utique
913 2672 1002 2728 falsae
1015 2671 1088 2728 iudi·

710 2745 825 2824 candae,
836 2744 933 2814 quales
944 2743 997 2798 hae
1008 2746 1093 2828 eunti

201 2815 262 2872 eod.
280 2816 348 2886 Agr.
367 2817 464 2887 (lamp.
483 2817 566 2888 Ugol.
924 2873 928 2884 ,

200 2896 568 2936 *qr-...2
710 2871 727 2939 β
831 2899 833 2904 -
887 2870 954 2938 Agr.
973 2867 1071 2938 Camp.
1090 2919 1093 2924 .

392 2943 455 3022 t,
694 2944 717 3018 ,Ι
961 2943 966 3008 l

334 3026 435 3053 9-st—

422 3067 444 3122 B
513 3065 580 3136 Agr.
596 3025 828 3134 aamffigol
903 3024 1039 3133 (ἷὴῑῖς.

420 3139 439 3263 ti
585 3139 604 3262 i)
766 3139 854 3261 liele.
999 3137 1021 3258 113
1035 3207 1088 3261 ete.

422 3281 445 3406 l>

197 3456 240 3525 ut)
259 3456 341 3524 Quor
359 3457 518 3527 exemplum
537 3427 668 3514 editiora
686 3456 770 3511 litera
789 3456 808 3510 e
826 3456 967 3512 notamus.

181 3553 319 3603 Quintiliani
333 3555 398 3610 deal,
412 3555 447 3597 ed.
461 3555 543 3598 mittet.
908 3539 927 3594 b
