2670 3962
394 155 712 212 DECLAMATIONES.
732 157 832 214 CCCX.
1026 161 1090 226 221

131 318 232 386 semel
256 318 407 384 adulterii
424 320 596 385 damnatus
614 320 714 386 habet
738 343 830 387 suam
853 343 1000 406 poenam.
1035 346 1093 408 po·

130 430 246 474 namus
274 407 360 473 hane
383 427 455 472 esse
476 411 660 492 pecuniam:
688 431 766 474 num
788 411 891 494 igitur
914 413 1018 497 exiges
1042 413 1093 478 ite-

130 518 220 572 rum,
247 519 330 582 quae
357 497 465 581 priore
488 497 607 563 iudieio
631 503 689 564 aut
711 498 822 564 debita
849 503 906 564 aut
928 501 1094 584 persoluta

132 585 224 652 erat?
271 587 361 671 atqui
393 586 421 650 si
453 586 577 670 <non>‚
614 590 781 671 tamquam
814 588 943 674 singula
973 589 1094 654 iudicia

131 674 280 759 publiea,
305 695 444 760 poenam
471 697 562 740 suam
586 677 679 756 [non]
702 676 840 760 habent,
867 697 934 742 non
955 679 1129 762 possunt'o

130 785 191 848 pro
214 763 338 829 duobus
362 763 535 830 numerari.

199 869 374 956 Supererat
405 869 562 954 fortasse,
599 876 637 936 ut
668 893 798 938 eausam
831 894 957 958 quoque
989 871 1094 940 adhue

132 959 195 1024 viri
230 958 327 1025 fortis
365 981 460 1046 agere
491 963 696 1044 temptarem.
743 983 820 1027 sane
852 961 1093 1028 dissimulemus

135 1050 278 1133 partem:
315 1053 490 1133 quaeratur
525 1048 624 1132 (cur)
662 1051 789 1134 saepius
831 1051 874 1116 sit
912 1050 1093 1116 damnatus.

135 1140 230 1202 erant
252 1136 384 1223 alioqui,
411 1159 495 1223 quae
517 1158 645 1204 movere
668 1159 721 1204 uos
742 1144 886 1223 possent.
921 1138 1094 1204 damnatus
1115 1156 1147 1205 ιο

135 1230 186 1290 est
210 1225 369 1292 adulterii.
416 1227 472 1290 sed
499 1231 613 1310 postea
635 1227 764 1292 fortiter
787 1228 961 1312 pugnando
980 1220 1092 1294 ‘osten-

135 1314 235 1397 derat,
258 1335 324 1379 non
347 1335 401 1378 eos
424 1336 494 1380 esse
517 1337 623 1380 mores
643 1337 730 1399 suos,
751 1337 819 1380 non
836 1337 906 1380 eam
924 1317 1034 1400 vitam,
1059 1321 1094 1381 ut

136 1403 171 1467 in
193 1403 251 1467 illo
275 1403 444 1468 eredibilia
466 1404 546 1469 haee
565 1404 701 1468 erimina
719 1405 837 1470 forent.
871 1404 927 1468 sed
945 1426 1019 1470 eum
1038 1426 1094 1488 op·

134 1497 206 1556 tare
229 1491 280 1555 illi
302 1492 416 1557 liceret
439 1492 697 1575 restitutionem,
726 1492 806 1558 illud
834 1496 947 1578 optare
972 1494 1095 1572 maluit,

135 1584 173 1644 ut
196 1585 410 1664 aeuusaretur,
432 1585 470 1646 ut
490 1581 531 1645 de
554 1603 631 1647 vero
655 1582 766 1664 quaeri
789 1584 910 1665 posset.
945 1581 1007 1646 hoe
1029 1603 1096 1646 non
1116 1598 1148 1647 15

136 1669 206 1734 sine
229 1669 316 1735 bone
339 1670 537 1735 conscientia
559 1670 643 1735 feeit.
676 1692 732 1734 eur
756 1691 833 1755 ergo
853 1670 1025 1735 damnatus
1046 1675 1096 1735 est

135 1757 276 1822 iterum?
305 1759 381 1842 quia
409 1759 580 1823 damnatus
610 1762 689 1824 erat.
726 1755 800 1823 non¹
814 1763 1013 1844 putaverunt
1035 1759 1095 1842 illi,

137 1847 191 1931 qui
223 1847 465 1931 cognoscebant
495 1848 648 1931 priorum
675 1847 818 1912 iudicum
849 1847 1095 1913 rescindendam

136 1955 208 1999 esse
228 1937 438 2001 sententiam:
461 1937 508 2000 ita
530 1934 641 2019 homo,
665 1937 721 2020 qui
743 1941 818 2020 post
841 1937 1021 2020 praemium
1045 1957 1095 2001 ae-

137 2024 326 2108 eusabatur,
355 2025 401 2089 sio
429 2024 557 2090 auditus
581 2028 644 2107 est,
670 2028 840 2108 tamquam
862 2025 1006 2090 nondum
1028 2023 1094 2090 for·
1113 2041 1148 2090 2ο
1230 2055 1231 2058 “

137 2113 216 2178 titer
243 2112 381 2178 fecisset
426 2134 484 2178 vos
512 2133 605 2198 ergo,
633 2114 689 2199 qui
716 2113 841 2178 duobus
871 2113 1001 2179 iudiciis
1025 2136 1095 2178 esse

136 2200 246 2265 dieitis
275 2200 476 2280 damnatum,
509 2201 682 2285 explicate,
709 2201 797 2286 quid.
814 2201 902 2267 aliud
933 2202 1096 2268 obiectum

138 2289 184 2354 sit
202 2289 313 2373 altero,
332 2311 413 2374 quae
433 2289 614 2354 differentia
633 2291 770 2355 duorum
784 2290 976 2356 iudiciorum
989 2290 1095 2356 fuerit.

134 2518 156 2554 s.
183 2497 304 2554 valuerit
327 2499 422 2570 [illud]
446 2497 533 2554 fuisse
557 2501 627 2555 sent.
648 2499 779 2568 alterum,
803 2497 881 2572 <non
920 2503 962 2555 est
980 2518 1007 2568 p.
1026 2502 1095 2555 sent.

135 2568 215 2640 prius
233 2568 331 2638 utique
349 2570 429 2627 illud.
448 2570 520 2644 (id)
538 2572 578 2626 sie
597 2572 659 2627 coll.
674 2572 732 2640 1128
750 2569 848 2644 (non)
892 2573 924 2626 tr

207 2667 223 2714 2
244 2658 333 2729 exigis
352 2665 384 2728 A,
403 2677 437 2716 ex
454 2659 499 2716 his
511 2666 541 2726 B,
560 2677 629 2716 corr.
644 2661 702 2716 Aer
714 2663 724 2732 11
738 2661 856 2715 alteram
869 2665 927 2729 AB,
946 2675 1016 2715 corr.
1030 2659 1074 2715 Ro
1088 2660 1097 2732 11

131 2738 152 2785 4
170 2730 346 2799 acquisitam,
365 2749 449 2801 quam
467 2729 706 2806 Bt<11011>R0t
724 2737 741 2786 6
759 2747 845 2802 penes
863 2749 926 2786 suas
943 2746 1001 2784 non
1019 2731 1046 2788 h.
1066 2736 1097 2799 A,

132 2817 241 2872 poenas
260 2819 324 2856 suae
343 2819 399 2857 non
417 2803 444 2856 h.
463 2807 497 2868 B,
518 2820 623 2874 poenas
643 2803 712 2858 duas
731 2820 786 2857 non
804 2803 831 2856 h.
854 2802 918 2869 Oba,
936 2818 1056 2872 poenam
1075 2819 1096 2856 s.

133 2872 217 2943 [non]
235 2872 263 2926 h.
283 2873 326 2929 Ro
344 2873 353 2942 11
371 2878 388 2927 8
406 2890 463 2928 non
480 2875 568 2946 poss]
592 2874 642 2928 sed
660 2891 733 2944 poss.
752 2879 776 2927 Δ
789 2875 798 2943 11
812 2874 922 2943 possint
938 2878 990 2941 Aa,
1014 2890 1098 2944 posse

132 2947 156 2995 B
183 2943 193 3012 1
220 2948 237 2998 8
256 2959 323 2998 sane
347 2944 412 3000 diss.
431 2943 525 3017 (hane
569 2963 595 3016 p.
614 2947 686 3010 Aer,
707 2947 780 3016 quod
802 2949 893 3000 amoto
916 2963 955 3000 aa
975 2947 1012 2999 eit
1029 2947 1097 3000 reei-

126 3015 293 3085 piendomn
312 3021 327 3070 9
347 3013 437 3088 (our)
459 3016 526 3085 Ro!
549 3018 625 3072 esset
641 3020 705 3085 AB,
728 3032 797 3072 corr.
820 3015 881 3084 Rq·
904 3031 988 3084 quare
1011 3015 1099 3085 igitur

132 3085 244 3155 saepius
270 3088 313 3140 est
330 3086 499 3141 damnatus?
523 3087 565 3142 Gr
587 3089 596 3158 11
621 3093 653 3140 12
672 3091 792 3141 erunt!
815 3089 824 3157 1
852 3085 958 3154 alioqui
977 3102 1048 3153 quae
1066 3090 1097 3152 Δ,

136 3154 195 3211 alio
209 3162 362 3225 quoquest,
376 3159 440 3224 sort.
455 3156 557 3213 *erant
570 3157 674 3226 aliqua,
690 3173 762 3225 quae
775 3175 813 3210 m.
824 3176 849 3211 v.
860 3159 985 3226 possent:
1005 3156 1097 3210 damn.

133 3243 159 3280 e.
178 3245 202 3282 a.
223 3228 269 3297 (ef.
282 3231 428 3299 42‚148q.)
443 3230 452 3299 11
465 3229 572 3284 moveri
586 3233 606 3281 u
620 3231 629 3300 11
643 3246 700 3283 non
717 3232 774 3293 AB,
793 3244 861 3283 corr.
881 3227 935 3281 oco
948 3229 957 3297 11
973 3233 1005 3281 12
1020 3242 1098 3282 suam

131 3301 193 3367 AB,
204 3314 273 3355 corr.
288 3299 332 3354 Ro
345 3301 355 3370 1
370 3306 403 3355 16
413 3303 540 3368 optarem
549 3299 627 3354 aliud
641 3305 661 3352 B
675 3300 684 3368 11
701 3305 732 3352 17
747 3300 779 3352 ut
793 3298 884 3352 denuo
899 3315 945 3365 qu.
955 3299 1012 3352 Aer
1025 3300 1034 3369 11
1048 3315 1098 3368 po·

132 3368 192 3422 tuit
209 3370 273 3439 Aet!
286 3375 320 3424 20
338 3370 475 3425 iudicium
491 3376 569 3425 B-l’
587 3371 596 3440 11
614 3377 648 3426 21
669 3369 736 3440 quid
754 3368 835 3424 vobis
853 3373 886 3438 B,
910 3368 979 3437 quid
991 3369 1097 3424 -vestrie

132 3444 157 3492 1³
169 3439 179 3508 1
192 3439 324 3496 iudicibis
342 3444 453 3513 Δι1122
472 3442 591 3510 quitali
610 3446 642 3496 ut
661 3441 715 3498 obi.
734 3445 756 3493 B
