2692 3960
384 161 702 220 DECLAMATIONES.
721 161 873 220 ccam.
1043 161 1108 228 277

146 329 179 394 et
210 330 286 392 ante
318 327 384 392 ista
414 327 502 392 bona
535 325 577 392 ad
608 325 704 391 deum
735 325 897 410 pertinere
925 329 1109 411 coeperunt,

146 437 244 502 quam
267 416 319 480 le'x
343 416 521 481 damnaret
552 414 636 498 vide,
658 417 817 498 quantum
840 413 971 480 recedas
994 415 1036 478 ab
1059 415 1108 479 in-

144 504 285 572 tellectu
306 504 386 570 iuris
408 503 550 569 huiusce.
596 503 625 568 si
648 503 779 569 caedem
802 505 879 570 anto
902 502 1109 588 sacrilegium

144 593 379 671 commisisset,
411 596 522 657 tamen
554 613 627 657 cum
659 595 774 677 postea
803 591 911 658 caedis
936 591 1109 657 damnatus

145 684 245 765 esset,
286 681 327 746 ad
368 680 463 746 deum
503 680 611 765 potius
652 681 863 766 pertinerent.
912 701 980 746 non
1021 679 1144 745 enimn

145 769 316 854 prodesset
334 769 405 854 tibi,
428 769 514 854 quod
531 761 621 852 prius
640 768 748 834 caedis
766 772 896 854 tempus
916 772 1011 853 esset,
1030 790 1110 853 quo·

143 858 234 924 niam
258 858 311 923 lex
333 861 391 923 tua
413 880 480 924 non
503 858 545 923 ad
568 857 709 942 caedem,
731 858 788 923 sed
807 858 848 923 ad
866 858 1110 923 damnationem

143 947 296 1031 pertinet.
344 968 430 1013 nunc
461 967 551 1032 vero,
583 968 656 1012 oum
683 947 892 1032 sacrilegium
920 950 994 1011 ante
1024 968 1109 1012 com·

144 1035 281 1101 missum
308 1035 366 1119 sit,
398 1056 496 1119 quam
525 1033 654 1121 caedes,
684 1057 752 1101 non
779 1040 829 1101 est
853 1035 999 1120 dubium,
1031 1035 1109 1120 quin

144 1123 232 1189 bona
253 1124 319 1189 ista
340 1124 456 1208 templi
479 1127 564 1189 sunt.
1129 1140 1162 1189 1ο

146 1211 1109 1386 udt‘'ttutssslulllttllll·tument

146 1388 278 1458 hercule
301 1391 401 1456 etiam
424 1390 482 1454 illa
501 1389 624 1473 caedes,
646 1389 803 1455 beneficio
826 1389 938 1473 <non>
961 1395 1024 1454 tuo.
1070 1411 1110 1454 ex

146 1499 210 1563 quo
235 1479 335 1544 semel
363 1500 479 1544 manus
508 1477 704 1563 inquinavit,
729 1477 896 1544 insecutae
926 1480 1003 1542 sunt
1031 1478 1109 1543 illae

145 1568 296 1651 protinus
318 1567 431 1652 furiae,
453 1572 490 1632 nt
512 1567 599 1632 hunc
621 1567 785 1633 hominem
808 1567 918 1652 palam
940 1566 1110 1652 occideret,
1129 1582 1162 1631 15

145 1659 183 1720 ut
196 1677 268 1721 rens
285 1657 473 1741 deferretur,
490 1660 528 1722 ut
546 1657 766 1741 damnaretur,
788 1658 827 1721 ut
838 1659 1054 1740 torqueretur,
1072 1658 1110 1720 ut

146 1745 362 1812 confiteretur.
399 1768 441 1812 an
463 1767 540 1813 vero
563 1751 600 1810 tu
622 1746 727 1831 illum,
749 1743 837 1830 quod
860 1745 1066 1830 sacrilegium
1089 1767 1110 1809 a

146 1855 181 1900 se
204 1835 413 1901 commissum
437 1856 507 1900 esse
526 1836 618 1921 dixit,
640 1833 845 1921 praestitisse
863 1834 1005 1920 ignibus,
1028 1853 1109 1918 quos

145 1944 205 1988 nos
229 1924 434 2010 subiecimus,
457 1929 514 1991 eut
536 1923 677 2010 flagellis
700 1922 820 2009 putas-‘l
852 1923 937 1990 nihil
960 1923 1019 1988 illa
1040 1926 1107 1987 tor·

145 2016 255 2078 menta
283 2013 324 2080 ad
346 2014 581 2081 confessionem
605 2013 767 2098 sacrilegii
790 2013 1012 2098 pertinebant,
1041 2032 1109 2077 non
1127 2027 1162 2077 20

145 2101 184 2166 de
211 2100 274 2167 hoc
301 2104 524 2188 torquebatur.
568 2124 689 2168 numen
712 2105 784 2168 erat
805 2101 967 2187 profecto,
988 2123 1109 2166 numen

145 2189 237 2274 illud,
260 2191 345 2274 quod
365 2191 526 2257 subiceret
544 2191 640 2274 faces,
664 2191 750 2275 quod
770 2191 947 2257 acrioribus
967 2188 1108 2254 stimulis

147 2277 303 2362 agitaret:
322 2299 382 2344 ros
402 2278 441 2342 de
461 2279 557 2343 caede
575 2279 795 2364 torquebatis,
811 2279 868 2345 ille
882 2279 921 2343 de
936 2277 1108 2362 sacrilegio

147 2364 370 2431 confitebatur.

530 2504 729 2576 CCCXXV.
1127 2505 1162 2554 2⁵

366 2627 558 2697 Hereditas
582 2627 665 2696 fidei
687 2630 891 2698 commissa.

145 2753 273 2840 Pauper
305 2758 339 2820 et
365 2755 455 2822 divos
487 2756 586 2822 vicini
613 2760 715 2822 crant.
765 2755 902 2840 pauperi
928 2777 1010 2821 uxor
1037 2776 1110 2839 spe-

237 2845 335 2908 ciosa.
367 2865 477 2909 rumor
501 2848 580 2931 erat,
602 2844 779 2911 adulterari
800 2843 954 2929 pauperis
975 2866 1109 2910 uxorem

236 2953 256 2998 a
284 2931 399 3015 divite,
426 2934 553 2999 conscio
584 2934 663 3000 viro.
709 2933 835 2999 delatus
858 2933 1011 3000 lenocinii
1032 2954 1108 2998 rcus

234 3039 358 3106 pauper
382 3022 415 3084 et
438 3020 606 3086 absolutus
630 3025 689 3089 cst.
723 3021 812 3087 dives
835 3021 974 3087 decessit
990 3021 1109 3086 herede
1127 3036 1162 3085 ³0

218 3219 232 3266 1
253 3212 290 3268 ad
309 3211 409 3280 dms,
428 3211 464 3266 ad
483 3227 547 3266 eum
564 3214 584 3262 Β
602 3212 613 3280 l
631 3216 648 3265 4
666 3211 741 3282 cum]
761 3211 895 3282 quoniam
912 3212 989 3280 ΔΙΙῦ
1008 3211 1107 3267 adeum

145 3285 221 3353 ΑΙΙθ
242 3282 336 3338 caedis
354 3284 400 3353 Al
417 3289 448 3336 11
469 3281 541 3336 mihi
559 3297 609 3336 om.
628 3284 720 3352 111113
739 3281 874 3338 beneficio
894 3299 944 3338 suo
961 3286 1019 3350 AB,
1038 3298 1108 3338 corr.

145 3353 191 3408 Ro
209 3355 219 3422 ll
238 3359 272 3408 14
289 3355 413 3410 insertae
431 3358 451 3406 Β
469 3355 479 3424 ΙΙ
498 3359 531 3408 21
550 3369 653 3408 nomen
671 3357 727 3422 Aa,
746 3369 796 3408 om.
815 3354 979 3424 1³l11⁰111211
996 3356 1038 3407 Aa
1050 3355 1060 3424 ΙΙ
1074 3359 1108 3410 28

145 3427 273 3496 adulteri
291 3446 322 3510 Δ,
341 3441 572 3510 adulterinum
592 3440 690 3497 concio
708 3445 729 3493 B
