<?xml version="1.0" encoding="UTF-8"?>
<!DOCTYPE html PUBLIC "-//W3C//DTD XHTML 1.0 Transitional//EN"
    "http://www.w3.org/TR/xhtml1/DTD/xhtml1-transitional.dtd">
<html xmlns="http://www.w3.org/1999/xhtml" xml:lang="en" lang="en">
 <head>
  <title>
</title>
<meta http-equiv="Content-Type" content="text/html;charset=utf-8" />
  <meta name='ocr-system' content='tesseract 3.04.00' />
  <meta name='ocr-capabilities' content='ocr_page ocr_carea ocr_par ocr_line ocrx_word'/>
</head>
<body>
  <div class='ocr_page' id='page_1' title='image "./mfabiiquintilia02rittgoog_0446.png"; bbox 0 0 2682 3956; ppageno 0'>
   <div class='ocr_carea' id='block_1_1' title="bbox 408 159 1136 226">
    <p class='ocr_par' dir='ltr' id='par_1_1' title="bbox 408 159 1136 226">
     <span class='ocr_line' id='line_1_1' title="bbox 408 159 1136 226; baseline 0.014 -12"><span class='ocrx_word' id='word_1_1' title='bbox 408 159 725 218; x_wconf 77' lang='lat' dir='ltr'><strong>DECLAMA&#39;I&#39;IONES.</strong></span> <span class='ocrx_word' id='word_1_2' title='bbox 745 161 908 218; x_wconf 78' lang='lat' dir='ltr'>CCCLXIX.</span> <span class='ocrx_word' id='word_1_3' title='bbox 1070 162 1136 226; x_wconf 79' lang='lat'><strong>405</strong></span> 
     </span>
    </p>
   </div>
   <div class='ocr_carea' id='block_1_2' title="bbox 181 324 1178 1032">
    <p class='ocr_par' dir='ltr' id='par_1_2' title="bbox 181 324 1178 1032">
     <span class='ocr_line' id='line_1_2' title="bbox 182 324 1141 410; baseline 0 -22"><span class='ocrx_word' id='word_1_4' title='bbox 182 326 217 388; x_wconf 74' lang='lat' dir='ltr'><strong>le</strong></span> <span class='ocrx_word' id='word_1_5' title='bbox 249 327 449 389; x_wconf 73' lang='lat' dir='ltr'><strong>servaverat:</strong></span> <span class='ocrx_word' id='word_1_6' title='bbox 482 325 601 389; x_wconf 75' lang='lat' dir='ltr'><strong>meruit</strong></span> <span class='ocrx_word' id='word_1_7' title='bbox 632 326 770 389; x_wconf 85' lang='lat' dir='ltr'><strong>exulare.</strong></span> <span class='ocrx_word' id='word_1_8' title='bbox 821 324 878 390; x_wconf 87' lang='lat' dir='ltr'><strong>sed</strong></span> <span class='ocrx_word' id='word_1_9' title='bbox 909 327 991 410; x_wconf 72' lang='lat' dir='ltr'><strong>puta</strong></span> <span class='ocrx_word' id='word_1_10' title='bbox 1021 324 1141 388; x_wconf 79' lang='lat' dir='ltr'><strong>iniuste</strong></span> 
     </span>
     <span class='ocr_line' id='line_1_3' title="bbox 183 411 1142 497; baseline 0.001 -22"><span class='ocrx_word' id='word_1_11' title='bbox 183 411 361 477; x_wconf 86' lang='lat' dir='ltr'><strong>abdicasse:</strong></span> <span class='ocrx_word' id='word_1_12' title='bbox 389 417 483 496; x_wconf 80' lang='lat' dir='ltr'><strong>paler</strong></span> <span class='ocrx_word' id='word_1_13' title='bbox 511 417 569 478; x_wconf 80' lang='lat' dir='ltr'><strong>est.</strong></span> <span class='ocrx_word' id='word_1_14' title='bbox 614 437 680 479; x_wconf 89' lang='lat' dir='ltr'><strong>non</strong></span> <span class='ocrx_word' id='word_1_15' title='bbox 711 414 903 497; x_wconf 82' lang='lat' dir='ltr'><strong>respicimus</strong></span> <span class='ocrx_word' id='word_1_16' title='bbox 926 413 961 478; x_wconf 90' lang='lat' dir='ltr'><strong>in</strong></span> <span class='ocrx_word' id='word_1_17' title='bbox 984 412 1142 478; x_wconf 86' lang='lat' dir='ltr'><strong>eiusmodi</strong></span> 
     </span>
     <span class='ocr_line' id='line_1_4' title="bbox 182 499 1143 588; baseline 0 -24"><span class='ocrx_word' id='word_1_18' title='bbox 182 499 323 581; x_wconf 78' lang='lat' dir='ltr'><strong>fortuna,</strong></span> <span class='ocrx_word' id='word_1_19' title='bbox 346 501 424 586; x_wconf 91' lang='lat' dir='ltr'><strong>quid</strong></span> <span class='ocrx_word' id='word_1_20' title='bbox 446 503 611 567; x_wconf 78' lang='lat' dir='ltr'><strong>meruerit.</strong></span> <span class='ocrx_word' id='word_1_21' title='bbox 642 503 779 588; x_wconf 85' lang='lat' dir='ltr'><strong>denique</strong></span> <span class='ocrx_word' id='word_1_22' title='bbox 807 502 884 587; x_wconf 89' lang='lat' dir='ltr'><strong>quid</strong></span> <span class='ocrx_word' id='word_1_23' title='bbox 902 502 1001 567; x_wconf 80' lang='lat' dir='ltr'><strong>faciei</strong></span> <span class='ocrx_word' id='word_1_24' title='bbox 1018 501 1143 582; x_wconf 88' lang='lat' dir='ltr'><strong>mulier,</strong></span> 
     </span>
     <span class='ocr_line' id='line_1_5' title="bbox 182 589 1144 676; baseline 0 -23"><span class='ocrx_word' id='word_1_25' title='bbox 182 611 255 654; x_wconf 88' lang='lat' dir='ltr'><strong>oum</strong></span> <span class='ocrx_word' id='word_1_26' title='bbox 284 589 325 654; x_wconf 89' lang='lat' dir='ltr'><strong>ad</strong></span> <span class='ocrx_word' id='word_1_27' title='bbox 353 590 486 655; x_wconf 89' lang='lat' dir='ltr'><strong>ianuam</strong></span> <span class='ocrx_word' id='word_1_28' title='bbox 508 592 657 657; x_wconf 78' lang='lat' dir='ltr'><strong>venerii?</strong></span> <span class='ocrx_word' id='word_1_29' title='bbox 695 597 728 656; x_wconf 78' lang='lat' dir='ltr'><strong>ct</strong></span> <span class='ocrx_word' id='word_1_30' title='bbox 750 593 943 676; x_wconf 78' lang='lat' dir='ltr'><strong>quantulum</strong></span> <span class='ocrx_word' id='word_1_31' title='bbox 967 594 1030 675; x_wconf 78' lang='lat' dir='ltr'><strong>est,</strong></span> <span class='ocrx_word' id='word_1_32' title='bbox 1057 589 1144 674; x_wconf 89' lang='lat' dir='ltr'><strong>quod</strong></span> 
     </span>
     <span class='ocr_line' id='line_1_6' title="bbox 181 679 1178 762; baseline 0.001 -20"><span class='ocrx_word' id='word_1_33' title='bbox 181 679 351 762; x_wconf 74' lang='lat' dir='ltr'>praestat?</span> <span class='ocrx_word' id='word_1_34' title='bbox 1162 694 1178 743; x_wconf 83' lang='lat'><strong>5</strong></span> 
     </span>
     <span class='ocr_line' id='line_1_7' title="bbox 249 765 1145 851; baseline -0.001 -20"><span class='ocrx_word' id='word_1_35' title='bbox 249 765 319 842; x_wconf 80' lang='lat' dir='ltr'><strong>Quo</strong></span> <span class='ocrx_word' id='word_1_36' title='bbox 346 790 432 832; x_wconf 87' lang='lat' dir='ltr'><strong>nunc</strong></span> <span class='ocrx_word' id='word_1_37' title='bbox 461 791 494 833; x_wconf 91' lang='lat' dir='ltr'><strong>se</strong></span> <span class='ocrx_word' id='word_1_38' title='bbox 524 769 643 833; x_wconf 86' lang='lat' dir='ltr'><strong>misera</strong></span> <span class='ocrx_word' id='word_1_39' title='bbox 672 769 838 835; x_wconf 69' lang='lat' dir='ltr'><strong>conferet?</strong></span> <span class='ocrx_word' id='word_1_40' title='bbox 883 791 956 834; x_wconf 92' lang='lat' dir='ltr'><strong>cum</strong></span> <span class='ocrx_word' id='word_1_41' title='bbox 978 771 1072 851; x_wconf 78' lang='lat' dir='ltr'><strong>patro</strong></span> <span class='ocrx_word' id='word_1_42' title='bbox 1095 766 1145 830; x_wconf 91' lang='lat' dir='ltr'><strong>ni-</strong></span> 
     </span>
     <span class='ocr_line' id='line_1_8' title="bbox 184 855 1143 924; baseline 0.001 -5"><span class='ocrx_word' id='word_1_43' title='bbox 184 855 304 920; x_wconf 90' lang='lat' dir='ltr'><strong>mirum</strong></span> <span class='ocrx_word' id='word_1_44' title='bbox 327 856 574 922; x_wconf 88' lang='lat' dir='ltr'><strong>mendicandum</strong></span> <span class='ocrx_word' id='word_1_45' title='bbox 597 857 707 923; x_wconf 78' lang='lat' dir='ltr'><strong>habel.</strong></span> <span class='ocrx_word' id='word_1_46' title='bbox 741 860 838 924; x_wconf 85' lang='lat' dir='ltr'><strong>facile</strong></span> <span class='ocrx_word' id='word_1_47' title='bbox 861 863 972 923; x_wconf 78' lang='lat' dir='ltr'><strong>tamen</strong></span> <span class='ocrx_word' id='word_1_48' title='bbox 990 857 1143 921; x_wconf 80' lang='lat' dir='ltr'><strong>maritum</strong></span> 
     </span>
     <span class='ocr_line' id='line_1_9' title="bbox 184 944 1144 1032; baseline -0.001 -24"><span class='ocrx_word' id='word_1_49' title='bbox 184 945 341 1010; x_wconf 72' lang='lat' dir='ltr'><strong>inveniet:</strong></span> <span class='ocrx_word' id='word_1_50' title='bbox 360 948 488 1012; x_wconf 76' lang='lat' dir='ltr'><strong>lanium</strong></span> <span class='ocrx_word' id='word_1_51' title='bbox 507 969 548 1011; x_wconf 88' lang='lat' dir='ltr'><strong>ne</strong></span> <span class='ocrx_word' id='word_1_52' title='bbox 567 948 687 1032; x_wconf 88' lang='lat' dir='ltr'><strong>inpune</strong></span> <span class='ocrx_word' id='word_1_53' title='bbox 705 949 795 1014; x_wconf 87' lang='lat' dir='ltr'><strong>laesa</strong></span> <span class='ocrx_word' id='word_1_54' title='bbox 815 949 868 1032; x_wconf 81' lang='lat' dir='ltr'><strong>sit,</strong></span> <span class='ocrx_word' id='word_1_55' title='bbox 887 947 1039 1013; x_wconf 80' lang='lat' dir='ltr'><strong>solatium</strong></span> <span class='ocrx_word' id='word_1_56' title='bbox 1053 944 1144 1030; x_wconf 79' lang='lat' dir='ltr'><strong>peric.</strong></span> 
     </span>
    </p>
   </div>
   <div class='ocr_carea' id='block_1_3' title="bbox 436 1139 891 1348">
    <p class='ocr_par' dir='ltr' id='par_1_3' title="bbox 436 1139 891 1348">
     <span class='ocr_line' id='line_1_10' title="bbox 552 1139 771 1209; baseline 0.005 -1"><span class='ocrx_word' id='word_1_57' title='bbox 552 1139 771 1209; x_wconf 76' lang='lat' dir='ltr'>GOOLXIX.</span> 
     </span>
     <span class='ocr_line' id='line_1_11' title="bbox 436 1261 891 1348; baseline 0.011 -20"><span class='ocrx_word' id='word_1_58' title='bbox 436 1261 559 1331; x_wconf 77' lang='lat' dir='ltr'><strong>Armis</strong></span> <span class='ocrx_word' id='word_1_59' title='bbox 582 1266 740 1348; x_wconf 88' lang='lat' dir='ltr'><strong>sepulcri</strong></span> <span class='ocrx_word' id='word_1_60' title='bbox 763 1266 891 1333; x_wconf 81' lang='lat' dir='ltr'><strong>victor.</strong></span> 
     </span>
    </p>
   </div>
   <div class='ocr_carea' id='block_1_4' title="bbox 185 1386 1144 1651">
    <p class='ocr_par' dir='ltr' id='par_1_4' title="bbox 185 1386 1144 1651">
     <span class='ocr_line' id='line_1_12' title="bbox 185 1386 1143 1467; baseline 0.002 -15"><span class='ocrx_word' id='word_1_61' title='bbox 185 1386 357 1454; x_wconf 77' lang='lat' dir='ltr'><strong>Suruucm</strong></span> <span class='ocrx_word' id='word_1_62' title='bbox 389 1405 535 1453; x_wconf 76' lang='lat' dir='ltr'><strong>vronarr</strong></span> <span class='ocrx_word' id='word_1_63' title='bbox 569 1407 624 1456; x_wconf 79' lang='lat' dir='ltr'><strong>siu</strong></span> <span class='ocrx_word' id='word_1_64' title='bbox 656 1408 768 1458; x_wconf 76' lang='lat' dir='ltr'><strong>aomo.</strong></span> <span class='ocrx_word' id='word_1_65' title='bbox 819 1390 956 1467; x_wconf 80' lang='lat' dir='ltr'><strong>Quidam</strong></span> <span class='ocrx_word' id='word_1_66' title='bbox 984 1413 1077 1455; x_wconf 88' lang='lat' dir='ltr'><strong>arma</strong></span> <span class='ocrx_word' id='word_1_67' title='bbox 1103 1391 1143 1455; x_wconf 85' lang='lat' dir='ltr'><strong>de</strong></span> 
     </span>
     <span class='ocr_line' id='line_1_13' title="bbox 274 1476 1144 1564; baseline 0.001 -22"><span class='ocrx_word' id='word_1_68' title='bbox 274 1477 422 1563; x_wconf 89' lang='lat' dir='ltr'><strong>sepulcro</strong></span> <span class='ocrx_word' id='word_1_69' title='bbox 440 1476 504 1541; x_wconf 81' lang='lat' dir='ltr'><strong>riri</strong></span> <span class='ocrx_word' id='word_1_70' title='bbox 526 1477 636 1560; x_wconf 76' lang='lat' dir='ltr'><strong>fortis,</strong></span> <span class='ocrx_word' id='word_1_71' title='bbox 665 1481 732 1545; x_wconf 88' lang='lat' dir='ltr'><strong>suis</strong></span> <span class='ocrx_word' id='word_1_72' title='bbox 756 1480 971 1564; x_wconf 75' lang='lat' dir='ltr'><strong>consumptis,</strong></span> <span class='ocrx_word' id='word_1_73' title='bbox 998 1479 1144 1562; x_wconf 76' lang='lat' dir='ltr'><strong>sustulil3</strong></span> 
     </span>
     <span class='ocr_line' id='line_1_14' title="bbox 273 1566 1048 1651; baseline 0.004 -21"><span class='ocrx_word' id='word_1_74' title='bbox 273 1567 376 1631; x_wconf 81' lang='lat' dir='ltr'><strong>victor</strong></span> <span class='ocrx_word' id='word_1_75' title='bbox 399 1566 554 1648; x_wconf 68' lang='lat' dir='ltr'><strong>reposuii</strong></span> <span class='ocrx_word' id='word_1_76' title='bbox 591 1590 665 1632; x_wconf 87' lang='lat' dir='ltr'><strong>reus</strong></span> <span class='ocrx_word' id='word_1_77' title='bbox 689 1573 740 1635; x_wconf 79' lang='lat' dir='ltr'><strong>est</strong></span> <span class='ocrx_word' id='word_1_78' title='bbox 762 1569 876 1634; x_wconf 78' lang='lat' dir='ltr'><strong>violati</strong></span> <span class='ocrx_word' id='word_1_79' title='bbox 899 1569 1048 1651; x_wconf 81' lang='lat' dir='ltr'><strong>sepulcri.</strong></span> 
     </span>
    </p>
   </div>
   <div class='ocr_carea' id='block_1_5' title="bbox 497 1725 834 1794">
    <p class='ocr_par' dir='ltr' id='par_1_5' title="bbox 497 1725 834 1794">
     <span class='ocr_line' id='line_1_15' title="bbox 497 1725 834 1794; baseline -0.006 -2"><span class='ocrx_word' id='word_1_80' title='bbox 497 1725 834 1794; x_wconf 79' lang='lat' dir='ltr'><strong>DECLAMATIO.</strong></span> 
     </span>
    </p>
   </div>
   <div class='ocr_carea' id='block_1_6' title="bbox 1164 1318 1199 1368">
    <p class='ocr_par' dir='ltr' id='par_1_6' title="bbox 1164 1318 1199 1368">
     <span class='ocr_line' id='line_1_16' title="bbox 1164 1318 1199 1368; baseline 0.057 -2"><span class='ocrx_word' id='word_1_81' title='bbox 1164 1318 1199 1368; x_wconf 87' lang='grc'><strong>10</strong></span> 
     </span>
    </p>
   </div>
   <div class='ocr_carea' id='block_1_7' title="bbox 184 1850 1199 3092">
    <p class='ocr_par' dir='ltr' id='par_1_7' title="bbox 184 1850 1199 2554">
     <span class='ocr_line' id='line_1_17' title="bbox 250 1850 1197 1937; baseline 0.003 -22"><span class='ocrx_word' id='word_1_82' title='bbox 250 1850 347 1915; x_wconf 80' lang='lat' dir='ltr'><strong>Potui</strong></span> <span class='ocrx_word' id='word_1_83' title='bbox 378 1851 526 1937; x_wconf 78' lang='lat' dir='ltr'><strong>infitiari,</strong></span> <span class='ocrx_word' id='word_1_84' title='bbox 559 1851 644 1936; x_wconf 92' lang='lat' dir='ltr'><strong>quod</strong></span> <span class='ocrx_word' id='word_1_85' title='bbox 677 1852 827 1918; x_wconf 73' lang='lat' dir='ltr'><strong>obicitur.</strong></span> <span class='ocrx_word' id='word_1_86' title='bbox 873 1851 1020 1917; x_wconf 77' lang='lat' dir='ltr'><strong>detracta</strong></span> <span class='ocrx_word' id='word_1_87' title='bbox 1053 1874 1144 1918; x_wconf 85' lang='lat' dir='ltr'><strong>arma</strong></span> <span class='ocrx_word' id='word_1_88' title='bbox 1165 1869 1197 1918; x_wconf 84' lang='lat'><strong>15</strong></span> 
     </span>
     <span class='ocr_line' id='line_1_18' title="bbox 184 1939 1145 2027; baseline 0.002 -23"><span class='ocrx_word' id='word_1_89' title='bbox 184 1939 285 2005; x_wconf 78' lang='lat' dir='ltr'><strong>dicis?</strong></span> <span class='ocrx_word' id='word_1_90' title='bbox 320 1960 416 2025; x_wconf 84' lang='lat' dir='ltr'><strong>nego.</strong></span> <span class='ocrx_word' id='word_1_91' title='bbox 448 1941 609 2006; x_wconf 75' lang='lat' dir='ltr'><strong>mentior?</strong></span> <span class='ocrx_word' id='word_1_92' title='bbox 642 1963 751 2006; x_wconf 86' lang='lat' dir='ltr'><strong>eamus</strong></span> <span class='ocrx_word' id='word_1_93' title='bbox 780 1942 814 2005; x_wconf 89' lang='lat' dir='ltr'><strong>in</strong></span> <span class='ocrx_word' id='word_1_94' title='bbox 842 1962 909 2006; x_wconf 92' lang='lat' dir='ltr'><strong>rem</strong></span> <span class='ocrx_word' id='word_1_95' title='bbox 932 1945 1145 2027; x_wconf 79' lang='lat' dir='ltr'><strong>praesenlem.</strong></span> 
     </span>
     <span class='ocr_line' id='line_1_19' title="bbox 186 2028 1146 2116; baseline 0.003 -24"><span class='ocrx_word' id='word_1_96' title='bbox 186 2028 396 2094; x_wconf 82' lang='lat' dir='ltr'><strong>adnumerare</strong></span> <span class='ocrx_word' id='word_1_97' title='bbox 424 2031 515 2096; x_wconf 78' lang='lat' dir='ltr'><strong>volo:</strong></span> <span class='ocrx_word' id='word_1_98' title='bbox 552 2032 578 2096; x_wconf 92' lang='lat' dir='ltr'><strong>si</strong></span> <span class='ocrx_word' id='word_1_99' title='bbox 608 2030 782 2116; x_wconf 80' lang='lat' dir='ltr'><strong>quidquam</strong></span> <span class='ocrx_word' id='word_1_100' title='bbox 815 2029 966 2113; x_wconf 78' lang='lat' dir='ltr'><strong>defuerit,</strong></span> <span class='ocrx_word' id='word_1_101' title='bbox 999 2030 1146 2096; x_wconf 89' lang='lat' dir='ltr'><strong>damnari</strong></span> 
     </span>
     <span class='ocr_line' id='line_1_20' title="bbox 184 2116 1145 2204; baseline 0.003 -23"><span class='ocrx_word' id='word_1_102' title='bbox 184 2116 269 2182; x_wconf 78' lang='lat' dir='ltr'><strong>volo.</strong></span> <span class='ocrx_word' id='word_1_103' title='bbox 307 2118 361 2182; x_wconf 89' lang='lat' dir='ltr'><strong>sed</strong></span> <span class='ocrx_word' id='word_1_104' title='bbox 383 2140 449 2184; x_wconf 92' lang='lat' dir='ltr'><strong>non</strong></span> <span class='ocrx_word' id='word_1_105' title='bbox 472 2141 679 2203; x_wconf 85' lang='lat' dir='ltr'><strong>corrumpam</strong></span> <span class='ocrx_word' id='word_1_106' title='bbox 699 2120 840 2204; x_wconf 85' lang='lat' dir='ltr'><strong>gloriam</strong></span> <span class='ocrx_word' id='word_1_107' title='bbox 859 2142 974 2201; x_wconf 90' lang='lat' dir='ltr'><strong>meam,</strong></span> <span class='ocrx_word' id='word_1_108' title='bbox 997 2124 1035 2184; x_wconf 79' lang='lat' dir='ltr'><strong>ut</strong></span> <span class='ocrx_word' id='word_1_109' title='bbox 1053 2120 1145 2184; x_wconf 86' lang='lat' dir='ltr'><strong>diasi-</strong></span> 
     </span>
     <span class='ocr_line' id='line_1_21' title="bbox 186 2206 1144 2291; baseline 0.005 -24"><span class='ocrx_word' id='word_1_110' title='bbox 186 2206 315 2287; x_wconf 86' lang='lat' dir='ltr'><strong>mulem,</strong></span> <span class='ocrx_word' id='word_1_111' title='bbox 338 2210 471 2290; x_wconf 82' lang='lat' dir='ltr'><strong>propter</strong></span> <span class='ocrx_word' id='word_1_112' title='bbox 494 2209 579 2291; x_wconf 91' lang='lat' dir='ltr'><strong>quod</strong></span> <span class='ocrx_word' id='word_1_113' title='bbox 598 2209 649 2272; x_wconf 87' lang='lat' dir='ltr'><strong>vir</strong></span> <span class='ocrx_word' id='word_1_114' title='bbox 665 2208 760 2273; x_wconf 81' lang='lat' dir='ltr'><strong>furiis</strong></span> <span class='ocrx_word' id='word_1_115' title='bbox 778 2208 956 2272; x_wconf 82' lang='lat' dir='ltr'><strong>honoratus</strong></span> <span class='ocrx_word' id='word_1_116' title='bbox 977 2230 1057 2273; x_wconf 86' lang='lat' dir='ltr'><strong>sum.</strong></span> <span class='ocrx_word' id='word_1_117' title='bbox 1089 2210 1144 2272; x_wconf 87' lang='lat' dir='ltr'><strong>sed</strong></span> 
     </span>
     <span class='ocr_line' id='line_1_22' title="bbox 186 2293 1199 2376; baseline 0.008 -21"><span class='ocrx_word' id='word_1_118' title='bbox 186 2294 260 2376; x_wconf 91' lang='lat' dir='ltr'><strong>quid</strong></span> <span class='ocrx_word' id='word_1_119' title='bbox 294 2293 435 2359; x_wconf 81' lang='lat' dir='ltr'><strong>faciam?</strong></span> <span class='ocrx_word' id='word_1_120' title='bbox 472 2317 538 2359; x_wconf 90' lang='lat' dir='ltr'><strong>non</strong></span> <span class='ocrx_word' id='word_1_121' title='bbox 561 2296 639 2360; x_wconf 78' lang='lat' dir='ltr'><strong>licet</strong></span> <span class='ocrx_word' id='word_1_122' title='bbox 661 2297 743 2361; x_wconf 92' lang='lat' dir='ltr'><strong>mihi</strong></span> <span class='ocrx_word' id='word_1_123' title='bbox 765 2296 831 2360; x_wconf 80' lang='lat' dir='ltr'><strong>isla</strong></span> <span class='ocrx_word' id='word_1_124' title='bbox 853 2318 994 2361; x_wconf 86' lang='lat' dir='ltr'><strong>narrare.</strong></span> <span class='ocrx_word' id='word_1_125' title='bbox 1040 2297 1144 2362; x_wconf 78' lang='lat' dir='ltr'><strong>obstat</strong></span> <span class='ocrx_word' id='word_1_126' title='bbox 1164 2314 1199 2363; x_wconf 80' lang='lat'><strong>20</strong></span> 
     </span>
     <span class='ocr_line' id='line_1_23' title="bbox 185 2381 1144 2470; baseline 0.005 -26"><span class='ocrx_word' id='word_1_127' title='bbox 185 2383 283 2446; x_wconf 88' lang='lat' dir='ltr'><strong>livor:</strong></span> <span class='ocrx_word' id='word_1_128' title='bbox 307 2387 340 2446; x_wconf 77' lang='lat' dir='ltr'><strong>et</strong></span> <span class='ocrx_word' id='word_1_129' title='bbox 361 2381 408 2466; x_wconf 84' lang='lat' dir='ltr'><strong>id,</strong></span> <span class='ocrx_word' id='word_1_130' title='bbox 433 2404 495 2467; x_wconf 91' lang='lat' dir='ltr'><strong>quo</strong></span> <span class='ocrx_word' id='word_1_131' title='bbox 520 2384 630 2448; x_wconf 85' lang='lat' dir='ltr'><strong>salvus</strong></span> <span class='ocrx_word' id='word_1_132' title='bbox 653 2389 712 2466; x_wconf 78' lang='lat' dir='ltr'><strong>est,</strong></span> <span class='ocrx_word' id='word_1_133' title='bbox 736 2386 812 2449; x_wconf 81' lang='lat' dir='ltr'><strong>odic.</strong></span> <span class='ocrx_word' id='word_1_134' title='bbox 848 2386 1066 2470; x_wconf 85' lang='lat' dir='ltr'><strong>,‚sepulcrum,</strong></span> <span class='ocrx_word' id='word_1_135' title='bbox 1096 2387 1144 2449; x_wconf 91' lang='lat' dir='ltr'><strong>in-</strong></span> 
     </span>
     <span class='ocr_line' id='line_1_24' title="bbox 185 2470 446 2554; baseline 0.004 -20"><span class='ocrx_word' id='word_1_136' title='bbox 185 2471 264 2554; x_wconf 79' lang='lat' dir='ltr'><strong>quil,</strong></span> <span class='ocrx_word' id='word_1_137' title='bbox 288 2470 446 2535; x_wconf 76' lang='lat' dir='ltr'><strong>violasti.“</strong></span> 
     </span>
    </p>

    <p class='ocr_par' dir='ltr' id='par_1_8' title="bbox 185 2557 1198 3092">
     <span class='ocr_line' id='line_1_25' title="bbox 251 2557 1144 2647; baseline 0.006 -24"><span class='ocrx_word' id='word_1_138' title='bbox 251 2557 327 2624; x_wconf 89' lang='lat' dir='ltr'><strong>Non</strong></span> <span class='ocrx_word' id='word_1_139' title='bbox 361 2565 535 2644; x_wconf 81' lang='lat' dir='ltr'><strong>utcumque</strong></span> <span class='ocrx_word' id='word_1_140' title='bbox 563 2560 740 2644; x_wconf 72' lang='lat' dir='ltr'><strong>attingitur</strong></span> <span class='ocrx_word' id='word_1_141' title='bbox 769 2563 964 2647; x_wconf 83' lang='lat' dir='ltr'><strong>sepulcrum,</strong></span> <span class='ocrx_word' id='word_1_142' title='bbox 994 2564 1144 2628; x_wconf 82' lang='lat' dir='ltr'><strong>violatur.</strong></span> 
     </span>
     <span class='ocr_line' id='line_1_26' title="bbox 185 2649 1145 2735; baseline 0.005 -23"><span class='ocrx_word' id='word_1_143' title='bbox 185 2649 306 2733; x_wconf 84' lang='lat' dir='ltr'><strong>alioqui</strong></span> <span class='ocrx_word' id='word_1_144' title='bbox 328 2670 387 2713; x_wconf 90' lang='lat' dir='ltr'><strong>nec</strong></span> <span class='ocrx_word' id='word_1_145' title='bbox 410 2649 525 2730; x_wconf 80' lang='lat' dir='ltr'><strong>inferre</strong></span> <span class='ocrx_word' id='word_1_146' title='bbox 547 2654 693 2715; x_wconf 77' lang='lat' dir='ltr'><strong>mortuos</strong></span> <span class='ocrx_word' id='word_1_147' title='bbox 717 2649 807 2733; x_wconf 78' lang='lat' dir='ltr'><strong>licei,</strong></span> <span class='ocrx_word' id='word_1_148' title='bbox 834 2673 893 2715; x_wconf 89' lang='lat' dir='ltr'><strong>nec</strong></span> <span class='ocrx_word' id='word_1_149' title='bbox 920 2651 1074 2735; x_wconf 85' lang='lat' dir='ltr'><strong>conlapsa</strong></span> <span class='ocrx_word' id='word_1_150' title='bbox 1096 2675 1145 2717; x_wconf 89' lang='lat' dir='ltr'><strong>re-</strong></span> 
     </span>
     <span class='ocr_line' id='line_1_27' title="bbox 185 2737 1198 2825; baseline 0.005 -24"><span class='ocrx_word' id='word_1_151' title='bbox 185 2739 294 2820; x_wconf 87' lang='lat' dir='ltr'><strong>ficere,</strong></span> <span class='ocrx_word' id='word_1_152' title='bbox 331 2759 391 2803; x_wconf 87' lang='lat' dir='ltr'><strong>nco</strong></span> <span class='ocrx_word' id='word_1_153' title='bbox 427 2759 552 2805; x_wconf 88' lang='lat' dir='ltr'><strong>ornare.</strong></span> <span class='ocrx_word' id='word_1_154' title='bbox 607 2743 664 2804; x_wconf 78' lang='lat' dir='ltr'><strong>aut</strong></span> <span class='ocrx_word' id='word_1_155' title='bbox 695 2737 722 2802; x_wconf 87' lang='lat' dir='ltr'><strong>si</strong></span> <span class='ocrx_word' id='word_1_156' title='bbox 756 2745 927 2823; x_wconf 83' lang='lat' dir='ltr'><strong>utcumque</strong></span> <span class='ocrx_word' id='word_1_157' title='bbox 961 2740 1145 2825; x_wconf 78' lang='lat' dir='ltr'><strong>attingitur,</strong></span> <span class='ocrx_word' id='word_1_158' title='bbox 1163 2757 1198 2806; x_wconf 79' lang='lat'><strong>25</strong></span> 
     </span>
     <span class='ocr_line' id='line_1_28' title="bbox 190 2825 1145 2913; baseline 0.006 -24"><span class='ocrx_word' id='word_1_159' title='bbox 190 2825 339 2909; x_wconf 81' lang='lat' dir='ltr'><strong>violatur,</strong></span> <span class='ocrx_word' id='word_1_160' title='bbox 371 2826 422 2890; x_wconf 87' lang='lat' dir='ltr'><strong>bis</strong></span> <span class='ocrx_word' id='word_1_161' title='bbox 446 2829 553 2913; x_wconf 80' lang='lat' dir='ltr'><strong>e[r]go</strong></span> <span class='ocrx_word' id='word_1_162' title='bbox 577 2827 715 2913; x_wconf 85' lang='lat' dir='ltr'><strong>peccavi,</strong></span> <span class='ocrx_word' id='word_1_163' title='bbox 739 2831 772 2892; x_wconf 77' lang='lat' dir='ltr'><strong>et</strong></span> <span class='ocrx_word' id='word_1_164' title='bbox 794 2850 867 2893; x_wconf 90' lang='lat' dir='ltr'><strong>cum</strong></span> <span class='ocrx_word' id='word_1_165' title='bbox 886 2830 1000 2893; x_wconf 77' lang='lat' dir='ltr'><strong>sustuli</strong></span> <span class='ocrx_word' id='word_1_166' title='bbox 1021 2833 1054 2894; x_wconf 76' lang='lat' dir='ltr'><strong>ei</strong></span> <span class='ocrx_word' id='word_1_167' title='bbox 1072 2851 1145 2895; x_wconf 89' lang='lat' dir='ltr'><strong>cum</strong></span> 
     </span>
     <span class='ocr_line' id='line_1_29' title="bbox 185 2914 1145 2997; baseline 0.006 -20"><span class='ocrx_word' id='word_1_168' title='bbox 185 2915 325 2997; x_wconf 88' lang='lat' dir='ltr'><strong>reposui.</strong></span> <span class='ocrx_word' id='word_1_169' title='bbox 371 2914 515 2980; x_wconf 87' lang='lat' dir='ltr'><strong>sednon</strong></span> <span class='ocrx_word' id='word_1_170' title='bbox 539 2917 587 2980; x_wconf 79' lang='lat' dir='ltr'><strong>ica</strong></span> <span class='ocrx_word' id='word_1_171' title='bbox 610 2920 668 2981; x_wconf 79' lang='lat' dir='ltr'><strong>est.</strong></span> <span class='ocrx_word' id='word_1_172' title='bbox 700 2920 733 2982; x_wconf 78' lang='lat' dir='ltr'><strong>et</strong></span> <span class='ocrx_word' id='word_1_173' title='bbox 755 2939 845 2981; x_wconf 85' lang='lat' dir='ltr'><strong>mens</strong></span> <span class='ocrx_word' id='word_1_174' title='bbox 869 2918 1061 2984; x_wconf 73' lang='lat' dir='ltr'><strong>absolvetur.</strong></span> <span class='ocrx_word' id='word_1_175' title='bbox 1098 2919 1145 2983; x_wconf 84' lang='lat' dir='ltr'><strong>sic</strong></span> 
     </span>
     <span class='ocr_line' id='line_1_30' title="bbox 186 3001 1145 3092; baseline 0.006 -26"><span class='ocrx_word' id='word_1_176' title='bbox 186 3001 324 3068; x_wconf 87' lang='lat' dir='ltr'><strong>Romani</strong></span> <span class='ocrx_word' id='word_1_177' title='bbox 357 3003 499 3087; x_wconf 81' lang='lat' dir='ltr'><strong>gloriose</strong></span> <span class='ocrx_word' id='word_1_178' title='bbox 532 3005 714 3090; x_wconf 81' lang='lat' dir='ltr'><strong>spoliarunl</strong></span> <span class='ocrx_word' id='word_1_179' title='bbox 744 3005 868 3090; x_wconf 79' lang='lat' dir='ltr'><strong>Iovem3</strong></span> <span class='ocrx_word' id='word_1_180' title='bbox 899 3007 946 3070; x_wconf 89' lang='lat' dir='ltr'><strong>sic</strong></span> <span class='ocrx_word' id='word_1_181' title='bbox 974 3005 1145 3092; x_wconf 74' lang='lat' dir='ltr'><strong>Saguntini</strong></span> 
     </span>
    </p>
   </div>
   <div class='ocr_carea' id='block_1_8' title="bbox 184 3161 1144 3379">
    <p class='ocr_par' dir='ltr' id='par_1_9' title="bbox 184 3161 1144 3379">
     <span class='ocr_line' id='line_1_31' title="bbox 257 3161 1144 3232; baseline 0.005 -18"><span class='ocrx_word' id='word_1_182' title='bbox 257 3165 273 3214; x_wconf 84' lang='grc'>6</span> <span class='ocrx_word' id='word_1_183' title='bbox 293 3176 322 3230; x_wconf 75' lang='lat' dir='ltr'><strong>se</strong></span> <span class='ocrx_word' id='word_1_184' title='bbox 341 3175 391 3214; x_wconf 86' lang='lat' dir='ltr'><strong>cm.</strong></span> <span class='ocrx_word' id='word_1_185' title='bbox 410 3163 431 3212; x_wconf 75' lang='lat' dir='ltr'>B</span> <span class='ocrx_word' id='word_1_186' title='bbox 449 3162 459 3229; x_wconf 77' lang='grc'><strong>11</strong></span> <span class='ocrx_word' id='word_1_187' title='bbox 479 3163 499 3232; x_wconf 77' lang='lat'><strong>§⁶</strong></span> <span class='ocrx_word' id='word_1_188' title='bbox 517 3161 549 3214; x_wconf 79' lang='lat' dir='ltr'><strong>ia</strong></span> <span class='ocrx_word' id='word_1_189' title='bbox 566 3178 652 3231; x_wconf 75' lang='lat' dir='ltr'><strong>morp.</strong></span> <span class='ocrx_word' id='word_1_190' title='bbox 671 3166 694 3214; x_wconf 82' lang='grc' dir='ltr'><strong>Δ</strong></span> <span class='ocrx_word' id='word_1_191' title='bbox 712 3163 721 3232; x_wconf 92' lang='lat' dir='ltr'><strong>l</strong></span> <span class='ocrx_word' id='word_1_192' title='bbox 742 3169 757 3216; x_wconf 75' lang='grc'><strong>7</strong></span> <span class='ocrx_word' id='word_1_193' title='bbox 777 3161 942 3216; x_wconf 77' lang='lat' dir='ltr'><strong>moriturum</strong></span> <span class='ocrx_word' id='word_1_194' title='bbox 959 3164 1003 3231; x_wconf 77' lang='grc' dir='ltr'><strong>ΡΙ</strong></span> <span class='ocrx_word' id='word_1_195' title='bbox 1020 3166 1037 3216; x_wconf 87' lang='lat'><strong>8</strong></span> <span class='ocrx_word' id='word_1_196' title='bbox 1055 3180 1091 3216; x_wconf 85' lang='lat' dir='ltr'><strong>nc</strong></span> <span class='ocrx_word' id='word_1_197' title='bbox 1108 3180 1144 3219; x_wconf 88' lang='lat' dir='ltr'><strong>ne</strong></span> 
     </span>
     <span class='ocr_line' id='line_1_32' title="bbox 184 3228 1144 3302; baseline 0.005 -18"><span class='ocrx_word' id='word_1_198' title='bbox 184 3233 228 3301; x_wconf 76' lang='grc' dir='ltr'><strong>ΒΙΙ</strong></span> <span class='ocrx_word' id='word_1_199' title='bbox 248 3235 282 3284; x_wconf 78' lang='grc'><strong>12</strong></span> <span class='ocrx_word' id='word_1_200' title='bbox 300 3228 361 3286; x_wconf 83' lang='lat' dir='ltr'><strong>viro</strong></span> <span class='ocrx_word' id='word_1_201' title='bbox 380 3231 448 3285; x_wconf 80' lang='lat' dir='ltr'><strong>lorii</strong></span> <span class='ocrx_word' id='word_1_202' title='bbox 465 3233 512 3300; x_wconf 75' lang='grc' dir='ltr'><strong>ΒΙΙ</strong></span> <span class='ocrx_word' id='word_1_203' title='bbox 532 3236 635 3287; x_wconf 84' lang='grc'><strong>18-19</strong></span> <span class='ocrx_word' id='word_1_204' title='bbox 653 3234 686 3286; x_wconf 79' lang='lat' dir='ltr'><strong>ui</strong></span> <span class='ocrx_word' id='word_1_205' title='bbox 703 3249 759 3287; x_wconf 90' lang='lat' dir='ltr'><strong>non</strong></span> <span class='ocrx_word' id='word_1_206' title='bbox 778 3231 842 3286; x_wconf 83' lang='lat' dir='ltr'><strong>diss.</strong></span> <span class='ocrx_word' id='word_1_207' title='bbox 862 3234 905 3301; x_wconf 65' lang='lat' dir='ltr'><strong>Bl</strong></span> <span class='ocrx_word' id='word_1_208' title='bbox 926 3237 958 3286; x_wconf 83' lang='lat'><strong>19</strong></span> <span class='ocrx_word' id='word_1_209' title='bbox 976 3232 1030 3286; x_wconf 79' lang='lat' dir='ltr'><strong>riri</strong></span> <span class='ocrx_word' id='word_1_210' title='bbox 1046 3235 1091 3302; x_wconf 78' lang='grc' dir='ltr'><strong>ΒΙΙ</strong></span> <span class='ocrx_word' id='word_1_211' title='bbox 1109 3240 1144 3289; x_wconf 80' lang='lat'><strong>20</strong></span> 
     </span>
     <span class='ocr_line' id='line_1_33' title="bbox 184 3301 1144 3379; baseline 0.004 -23"><span class='ocrx_word' id='word_1_212' title='bbox 184 3302 272 3356; x_wconf 77' lang='lat' dir='ltr'><strong>instat</strong></span> <span class='ocrx_word' id='word_1_213' title='bbox 290 3306 353 3370; x_wconf 76' lang='lat' dir='ltr'><strong>n,</strong></span> <span class='ocrx_word' id='word_1_214' title='bbox 382 3319 450 3357; x_wconf 82' lang='lat' dir='ltr'><strong>corr.</strong></span> <span class='ocrx_word' id='word_1_215' title='bbox 470 3301 515 3357; x_wconf 85' lang='lat' dir='ltr'><strong>Ro</strong></span> <span class='ocrx_word' id='word_1_216' title='bbox 537 3303 547 3372; x_wconf 90' lang='lat' dir='ltr'><strong>l</strong></span> <span class='ocrx_word' id='word_1_217' title='bbox 569 3308 604 3357; x_wconf 77' lang='lat'><strong>24</strong></span> <span class='ocrx_word' id='word_1_218' title='bbox 626 3303 700 3357; x_wconf 81' lang='lat' dir='ltr'><strong>inter</strong></span> <span class='ocrx_word' id='word_1_219' title='bbox 722 3307 784 3369; x_wconf 75' lang='lat' dir='ltr'><strong>n,</strong></span> <span class='ocrx_word' id='word_1_220' title='bbox 816 3319 884 3358; x_wconf 84' lang='lat' dir='ltr'><strong>corr.</strong></span> <span class='ocrx_word' id='word_1_221' title='bbox 909 3303 945 3357; x_wconf 78' lang='lat' dir='ltr'><strong>Pi</strong></span> <span class='ocrx_word' id='word_1_222' title='bbox 964 3306 974 3374; x_wconf 76' lang='lat' dir='ltr'><strong>l</strong></span> <span class='ocrx_word' id='word_1_223' title='bbox 1004 3303 1144 3379; x_wconf 76' lang='lat' dir='ltr'><strong>lio&lt;er&gt;ei</strong></span> 
     </span>
    </p>
   </div>
   <div class='ocr_carea' id='block_1_9' title="bbox 185 3373 1267 3446">
    <p class='ocr_par' dir='ltr' id='par_1_10' title="bbox 185 3373 1267 3446">
     <span class='ocr_line' id='line_1_34' title="bbox 185 3373 1267 3446; baseline 0.004 -19"><span class='ocrx_word' id='word_1_224' title='bbox 185 3373 244 3427; x_wconf 77' lang='lat' dir='ltr'><strong>edd.</strong></span> <span class='ocrx_word' id='word_1_225' title='bbox 259 3373 269 3442; x_wconf 91' lang='lat' dir='ltr'><strong>l</strong></span> <span class='ocrx_word' id='word_1_226' title='bbox 287 3378 322 3427; x_wconf 80' lang='lat'><strong>25</strong></span> <span class='ocrx_word' id='word_1_227' title='bbox 342 3373 476 3442; x_wconf 86' lang='lat' dir='ltr'><strong>sicunque</strong></span> <span class='ocrx_word' id='word_1_228' title='bbox 495 3376 539 3444; x_wconf 57' lang='lat' dir='ltr'><strong>&#39;ll</strong></span> <span class='ocrx_word' id='word_1_229' title='bbox 557 3379 593 3428; x_wconf 77' lang='lat'><strong>26</strong></span> <span class='ocrx_word' id='word_1_230' title='bbox 618 3374 711 3444; x_wconf 84' lang='lat' dir='ltr'><strong>e[r]go</strong></span> <span class='ocrx_word' id='word_1_231' title='bbox 731 3374 797 3445; x_wconf 67' lang='lat' dir='ltr'><strong>Fri}</strong></span> <span class='ocrx_word' id='word_1_232' title='bbox 815 3379 848 3428; x_wconf 75' lang='lat'><strong>27</strong></span> <span class='ocrx_word' id='word_1_233' title='bbox 869 3375 918 3429; x_wconf 86' lang='lat' dir='ltr'><strong>sed</strong></span> <span class='ocrx_word' id='word_1_234' title='bbox 935 3392 985 3430; x_wconf 86' lang='lat' dir='ltr'><strong>om.</strong></span> <span class='ocrx_word' id='word_1_235' title='bbox 1004 3377 1048 3446; x_wconf 61' lang='grc' dir='ltr'><strong>ΒΗ</strong></span> <span class='ocrx_word' id='word_1_236' title='bbox 1065 3394 1144 3431; x_wconf 82' lang='lat' dir='ltr'><strong>meua</strong></span> <span class='ocrx_word' id='word_1_237' title='bbox 1265 3373 1267 3378; x_wconf 77' lang='grc'><strong>’</strong></span> 
     </span>
    </p>
   </div>
   <div class='ocr_carea' id='block_1_10' title="bbox 184 3443 1048 3528">
    <p class='ocr_par' dir='ltr' id='par_1_11' title="bbox 184 3443 1048 3528">
     <span class='ocr_line' id='line_1_35' title="bbox 184 3443 1048 3528; baseline 0.003 -32"><span class='ocrx_word' id='word_1_238' title='bbox 184 3447 206 3496; x_wconf 81' lang='lat' dir='ltr'>B</span> <span class='ocrx_word' id='word_1_239' title='bbox 219 3444 230 3513; x_wconf 67' lang='lat' dir='ltr'><strong>l</strong></span> <span class='ocrx_word' id='word_1_240' title='bbox 243 3443 400 3500; x_wconf 80' lang='lat' dir='ltr'><strong>absolvitur</strong></span> <span class='ocrx_word' id='word_1_241' title='bbox 417 3449 475 3515; x_wconf 74' lang='lat' dir='ltr'><strong>n,</strong></span> <span class='ocrx_word' id='word_1_242' title='bbox 495 3461 563 3500; x_wconf 81' lang='lat' dir='ltr'><strong>corr.</strong></span> <span class='ocrx_word' id='word_1_243' title='bbox 583 3445 627 3500; x_wconf 85' lang='lat' dir='ltr'><strong>Ro</strong></span> <span class='ocrx_word' id='word_1_244' title='bbox 640 3445 650 3515; x_wconf 71' lang='lat' dir='ltr'><strong>l</strong></span> <span class='ocrx_word' id='word_1_245' title='bbox 664 3449 698 3500; x_wconf 76' lang='lat'><strong>28</strong></span> <span class='ocrx_word' id='word_1_246' title='bbox 718 3455 740 3528; x_wconf 84' lang='lat' dir='ltr'><strong>q</strong></span> <span class='ocrx_word' id='word_1_247' title='bbox 759 3450 782 3498; x_wconf 82' lang='grc' dir='ltr'><strong>Δ</strong></span> <span class='ocrx_word' id='word_1_248' title='bbox 795 3447 805 3516; x_wconf 67' lang='lat' dir='ltr'>fl</span> <span class='ocrx_word' id='word_1_249' title='bbox 818 3446 1010 3515; x_wconf 74' lang='lat' dir='ltr'><strong>spoliaverunt</strong></span> <span class='ocrx_word' id='word_1_250' title='bbox 1027 3450 1048 3499; x_wconf 78' lang='lat' dir='ltr'>B</span> 
     </span>
    </p>
   </div>
   <div class='ocr_carea' id='block_1_11' title="bbox 0 0 1346 3956">
    <p class='ocr_par' dir='ltr' id='par_1_12' title="bbox 0 0 1346 3956">
     <span class='ocr_line' id='line_1_36' title="bbox 0 0 1346 3956; baseline 0 0"><span class='ocrx_word' id='word_1_251' title='bbox 0 0 1346 3956; x_wconf 95' lang='lat' dir='ltr'><strong> </strong></span> 
     </span>
    </p>
   </div>
  </div>
 </body>
</html>
