2670 3962
378 155 696 215 DECLAMATIONES.
716 158 855 218 OCXGVI.
1037 163 1102 231 169

530 353 711 424 ccxcvl.

501 479 601 548 Exul
642 480 731 548 taos.

132 597 286 669 Exonrn
310 619 417 668 monn
441 619 542 670 ornus
566 621 827 672 onrnnnnuson
850 623 976 673 monor
1001 626 1097 677 ooc1·
1213 679 1217 692 ,

222 707 326 759 nnnn.
375 691 584 777 Inprudentis
613 693 720 760 caedis
752 693 922 761 damnatus
956 718 996 763 ex
1023 698 1097 784 lege

221 780 255 846 in
288 779 421 848 exilium
459 781 713 868 quinquennium
745 784 865 849 missus
898 787 956 851 est.
1008 786 1133 853 intrat

220 868 301 935 fines
325 894 345 937 a
368 870 470 937 fratre
495 870 535 936 ed
558 891 670 937 cenem
694 876 829 938 vocatus
854 893 926 939 cum
947 875 1093 960 parasito

96 984 102 1006 ¹
218 957 331 1025 fratris
350 959 458 1044 litem,
489 957 592 1025 fratre
615 959 682 1025 ianr
706 958 901 1048 dormiente,
929 965 1094 1033 conseruit

218 1050 251 1114 et
266 1069 285 1114 a
300 1049 446 1135 parasito
461 1048 729 1116 clamanteuexul
743 1052 838 1116 tace«
853 1072 892 1116 ex
906 1052 979 1140 lege
992 1053 1092 1119 inter·

216 1135 321 1202 iectus
354 1139 413 1203 est
465 1158 528 1223 quo
561 1140 728 1222 comperio
759 1139 940 1224 parasitum
973 1141 1093 1209 abiecit

218 1223 415 1311 adulescens,
439 1229 573 1310 epatre
597 1225 774 1293 abdicatur.
1109 1248 1147 1298 10

438 1399 777 1470 DECLAMATIO.

191 1523 358 1592 Obicimus
382 1525 579 1594 adulescenti
602 1530 677 1593 ente
701 1527 826 1612 omnia,
853 1527 940 1614 quod
962 1530 1086 1616 parasi-

123 1616 194 1680 tum
212 1613 372 1682 habuerit.
405 1615 603 1683 abdicationi
623 1613 685 1682 hoc
705 1616 784 1684 satis
804 1621 883 1698 erat,
906 1621 943 1683 ut
962 1617 990 1684 si
1009 1618 1086 1705 quid

121 1706 217 1788 pater
243 1703 342 1789 nolit,
372 1725 552 1790 numquam
584 1703 740 1770 emendet
788 1727 886 1791 quare
913 1705 997 1772 nihil
1027 1711 1086 1792 est,

122 1792 208 1880 qnod
235 1791 325 1858 dicae
354 1792 448 1878 mihi,
474 1814 652 1879 numquam
679 1792 769 1860 istud
797 1793 955 1862 obiecisti.
1008 1795 1085 1880 quid
1106 1811 1142 1862 15

121 1880 210 1947 enim
228 1881 306 1948 hine
324 1880 453 1968 colligis
474 1881 570 1967 aliud,
595 1903 693 1967 quam
716 1886 754 1948 ut
775 1884 809 1948 te
833 1883 960 1950 abdicet
983 1884 1085 1950 indul-

121 1989 202 2056 gens
225 1969 341 2055 pater?
384 1969 461 2056 quid
488 1969 574 2036 enirn
602 1975 652 2037 est
673 1970 854 2057 parasitus,
883 1972 948 2038 nisi
976 1993 1083 2039 comes

119 2057 297 2126 vitiorum?
319 2057 502 2144 turpissimi
520 2059 675 2146 cuiusque
693 2059 774 2126 facti
791 2059 965 2128 laudator?
984 2083 1083 2128 unum

120 2151 232 2214 tamen
254 2146 426 2214 videbatur
450 2169 520 2214 csse
544 2147 707 2234 solatium,
730 2147 816 2234 quod
837 2148 995 2216 eiusmodi
1013 2149 1082 2218 vita

120 2233 162 2301 ad
184 2235 395 2302 homicidium
418 2258 520 2322 usque
542 2257 610 2304 non
632 2237 826 2322 perveniret,
1099 2254 1138 2305 2ο

190 2321 303 2392 Obicio
331 2324 408 2409 tibi,
435 2324 520 2411 quod
546 2323 683 2391 fratrem
710 2324 799 2391 intra
821 2325 902 2392 fines
925 2325 1081 2394 invitasti.

117 2411 220 2478 fuerit
242 2413 447 2500 quantalibet
469 2435 568 2481 causa
591 2413 741 2499 convivii,
762 2413 877 2480 melius
901 2414 968 2496 [eo]
992 2419 1080 2484 certe

116 2501 189 2585 ipse
203 2501 245 2567 ad
263 2501 398 2568 matrem
416 2502 507 2570 isses.
530 2506 641 2568 manet
658 2501 721 2568 hoc
739 2502 847 2586 ipsum
865 2503 951 2570 inter
965 2525 1079 2570 causas

118 2589 348 2657 abdicationis:
372 2590 459 2658 obici
480 2589 542 2657 tibi
564 2591 680 2675 potest,
704 2588 790 2675 quod
807 2594 877 2655 tam
895 2590 1015 2674 impius
1035 2613 1079 2676 es,

113 2681 150 2744 ut
170 2677 309 2745 fratrem
333 2683 409 2764 post
430 2679 523 2746 illem
547 2679 701 2746 miseram
722 2678 887 2746 fortunam
902 2700 970 2744 non
993 2679 1077 2746 vide·
1096 2695 1134 2745 at

112 2765 169 2852 ris,
190 2767 257 2834 nisi
280 2768 321 2833 ed
344 2772 377 2834 te
400 2768 657 2836 descendentem.
688 2789 766 2834 nam
788 2767 838 2834 illi
861 2768 989 2854 ignosci
1006 2771 1076 2853 pot

184 2945 201 2996 8
219 2943 319 3012 parato
337 2941 363 2997 ei
381 2942 414 3000 cl.
433 2947 474 2997 Aa
491 2945 501 3015 ΙΙ
519 2942 672 2999 demente
690 2946 711 2996 B
730 2943 739 3012 ΙΙ
756 2941 830 2998 inter
847 2941 1011 2998 interfectus
1028 2948 1052 2995 Δ
1065 2943 1076 3014 Η

111 3017 127 3066 9
147 3013 197 3081 qui
215 3016 256 3065 Aa
278 3015 287 3084 ΙΙ
307 3012 410 3070 obierit
427 3019 448 3068 1³
474 3015 483 3084 ΙΙ
512 3019 544 3068 12
563 3013 754 3070 adolescentie
771 3012 801 3068 in
819 3014 849 3068 te
867 3016 889 3096 ¹:
912 3014 921 3082 ΙΙ
943 3015 1074 3096 paratum

110 3087 152 3138 Δι
164 3085 174 3152 ΙΙ
189 3090 226 3168 ¹7.
242 3085 321 3140 nolet
338 3088 370 3154 Δ,
387 3084 479 3141 nollet
490 3089 522 3154 B,
539 3100 608 3141 coer.
624 3084 692 3152 detq·
710 3081 949 3166 oa*notuent(?)
963 3085 972 3154 ΙΙ
987 3088 1020 3138 lo
1033 3101 1074 3164 mr

109 3154 666 3309 obtenebrescet
683 3155 693 3294 t
708 3154 988 3281 betunen
1005 3153 1076 3294 cut

108 3296 264 3366 pertineret
281 3297 326 3366 ΒΙΙ
343 3299 377 3352 21
396 3296 481 3352 finem
498 3301 520 3349 B
539 3299 548 3368 ΙΙ
571 3301 604 3352 22
624 3296 723 3360 meiius
742 3312 777 3352 ea
795 3312 818 3351 c.
836 3298 873 3362 Δ,
891 3313 928 3351 m.
948 3311 981 3351 eo
1000 3312 1023 3351 c.
1041 3300 1074 3366 B,

107 3381 178 3423 corr.
197 3365 279 3435 naa·
297 3367 404 3424 cmm.
422 3369 454 3422 tu
473 3385 497 3424 c.
516 3367 552 3438 (3)
566 3370 575 3439 ΙΙ
589 3373 623 3423 23
642 3368 679 3422 ad
696 3366 814 3422 fratrem
832 3381 882 3422 om.
901 3368 993 3437 21122
1011 3369 1072 3423 tam

106 3437 197 3508 ipeins
216 3437 260 3494 est
276 3437 366 3494 frater
382 3457 410 3510 p.
429 3441 522 3510 11125
540 3439 617 3507 quod
634 3443 694 3507 ΔΒ,
712 3454 782 3496 corr.
800 3435 844 3494 Ro
