2692 3960
373 134 694 192 DECLAMATIONES.
713 134 880 192 cccmv.
1038 134 1106 202 275

140 321 223 382 sum,
247 301 305 364 eut
328 298 415 364 aliud
438 301 525 364 certe
548 296 724 364 dedissent.
767 298 990 366 demonstrata
1013 297 1107 364 satie·

140 387 241 454 factio
269 387 364 454 etin
391 386 454 456 hcc
484 386 586 472 valet,
616 390 653 453 ut
677 385 863 470 accipienda
886 387 939 453 sit.
984 408 1107 472 vereor,

140 476 277 562 iudices,
314 497 355 540 ne
391 475 468 560 quid
503 476 626 564 fingere
663 496 702 539 ex
737 475 930 542 necessitate
969 475 1106 560 periculi

141 565 262 646 videar,
285 567 509 630 verumtamen
531 585 581 628 me
602 563 772 649 religionis
791 585 883 631 meae
901 563 1106 630 dissimulare

141 675 224 738 quae
249 652 436 718 acciderunt
455 674 521 717 non
544 653 623 718 sinit
645 653 741 718 ratio.
779 652 1001 718 Alexandrum
1020 651 1107 736 apud
1125 665 1142 716 c

141 761 194 806 me
223 741 364 808 valuisse
392 741 498 808 solum
526 741 662 827 putatis,
690 744 747 807 aut
773 741 875 808 ullam
903 738 1106 807 mercedem?

142 849 202 915 ego
231 829 326 896 illum
353 851 555 896 recessurum
577 830 748 915 putabam,
771 829 902 895 etiamsi
929 852 996 896 non
1018 830 1107 915 paci-

140 921 295 985 sceretur.
331 919 419 1002 deur,
442 918 520 985 deus
543 918 601 986 ille
625 915 744 1004 (testor
767 919 876 1004 ipsum
900 922 933 984 et
955 938 1107 1002 praesen-

140 1007 262 1073 tissimi
285 1007 517 1074 conscientiam
535 1005 691 1093 numinis)
710 1007 766 1072 ille
786 1007 904 1093 adegit,
925 1008 982 1074 ille
1001 1007 1107 1090 iussit,

140 1096 197 1161 ille
224 1096 261 1160 in
288 1096 347 1162 has
374 1101 484 1183 partes
512 1095 617 1162 misit:
651 1095 826 1161 secundum
856 1096 919 1162 hoc
952 1097 1160 1181 quodam-10

140 1183 237 1250 modo
261 1183 324 1250 fuir
346 1206 547 1270 responsum.

504 1428 721 1498 OOOXXIV.

470 1555 571 1622 Bonu
594 1553 775 1634 sacrilegi.

141 1697 206 1775 Qur
229 1717 325 1766 reum
348 1715 474 1767 cuunrs
498 1715 746 1782 neuunvnnrr,
776 1713 871 1764 eous
893 1711 968 1762 nrus
992 1711 1106 1762 rossr-

230 1805 331 1854 orer.
377 1803 563 1854 sacmeel
590 1803 685 1852 Bous
713 1801 854 1852 Turreno
885 1797 1159 1852 consecrer-15

155 1901 158 1908 ·
230 1895 309 1944 rna.
346 1877 530 1943 Damnatus
555 1875 661 1942 caedis
685 1896 757 1941 cum
781 1875 998 1960 torqueretur,
1022 1872 1107 1938 dixit

230 1970 263 2032 et
295 1967 503 2052 sacrilegium
538 1987 558 2031 a
585 1986 619 2030 se
652 1964 872 2032 commissum.
927 1962 1106 2048 ambigitur

229 2055 268 2120 de
292 2054 395 2122 bonis.
439 2054 589 2121 sacerdos
612 2054 735 2138 templo
758 2052 912 2138 vindicat,
936 2054 1106 2118 accusator

231 2142 303 2208 sibi.

457 2263 793 2364 oucnrnirrc.
1124 2311 1160 2362 ιο

208 2421 395 2506 Antequam
423 2421 511 2506 leges
535 2441 776 2504 comparamus,
806 2421 924 2486 intueri
946 2443 1105 2506 personas

139 2512 229 2578 libet.
275 2532 335 2576 nos
364 2509 489 2575 nullam
516 2508 674 2574 habemus
698 2509 734 2572 in
755 2507 914 2594 litigando
938 2510 1105 2593 propriam

141 2600 368 2685 cupiditatem:
396 2619 464 2664 non
492 2597 692 2682 adquirimus
715 2596 825 2681 nobis,
853 2596 994 2680 petimus
1017 2595 1106 2662 bona

139 2689 277 2774 templo,
309 2689 450 2772 petimus
481 2685 641 2754 honorem
673 2686 743 2750 dec.
803 2683 1006 2750 adversarius
1040 2685 1103 2750 sibi

139 2779 284 2844 vindicat
321 2780 355 2843 et
389 2777 425 2840 in
461 2775 642 2860 praemium
679 2794 796 2859 operae
835 2794 912 2842 suae
927 2804 932 2816 ·
947 2772 1104 2858 deposcit.
1123 2787 1158 2839 ιι

141 2865 292 2950 ostendit,
315 2885 414 2950 quare
438 2863 647 2931 accusaverit.

207 2953 483 3031 Quemadmodum
498 2973 654 3038 personas
669 2953 937 3038 compererimus,
956 2952 1003 3018 ite
1017 2973 1103 3018 com·

140 3065 291 3130 paremus
323 3047 358 3109 et
388 3042 487 3127 leges.
542 3042 628 3106 idem
660 3041 773 3107 demus
805 3041 936 3126 utrique
965 3043 1104 3123 tempus,

141 3133 275 3198 eandem
308 3132 437 3216 utrique
466 3130 532 3215 legi
566 3150 711 3194 caueam:
743 3129 835 3213 ipsae
864 3132 976 3194 tamen
1003 3127 1104 3193 etiam

213 3339 421 3410 ‘lpacis‘c‘A
443 3341 454 3408 u
475 3345 491 3394 9
510 3336 631 3394 nominis
650 3341 691 3389 Aa
712 3339 723 3405 fl
747 3342 780 3392 10
797 3353 896 3410 preces
914 3339 939 3390 Δ
959 3339 969 3406 ΙΙ
992 3341 1099 3394 25-26

140 3412 203 3482 dep.
223 3412 252 3466 et
270 3411 322 3466 ost.
341 3415 362 3462 B
885 3495 939 3550 18*
