2692 3960
341 105 657 162 DECLAMATIONES.
687 105 906 161 cccxxxviii.
1002 179 1005 184 Ι
1039 107 1103 171 337

146 269 239 352 dicit,
258 269 334 334 dum
357 272 395 333 tu
417 269 520 334 victor
543 272 576 332 et
597 267 711 332 hilaris
735 268 919 333 adversario
938 271 1005 354 tuo,
1029 270 1106 354 quid

147 356 267 442 egeris,
294 357 436 422 nuntias.
480 377 576 440 rogo,
604 377 677 420 cum
706 356 824 421 mulier
846 357 957 422 eadem
980 358 1016 422 in
1037 364 1106 423 tor-

145 445 265 512 mentis
293 445 421 510 diversa
446 445 576 528 dixerit,
604 466 672 510 non
699 448 751 510 est
778 443 988 510 manifestum
1017 446 1050 510 id
1072 451 1105 512 te

146 533 311 615 maluisse,
335 533 421 618 quod
444 532 630 598 credidisti?

214 619 275 686 oui
312 643 378 686 non
410 621 597 688 mortalium
629 624 722 705 patet
752 624 841 686 totus
877 621 931 686 hic
966 621 1142 686 crimmis

147 711 220 794 quis
243 731 311 774 non
333 710 422 775 videt
444 714 531 774 artes
553 709 741 774 novercales
765 713 798 773 et
815 713 948 793 pactum
966 710 1106 775 infelicis

147 797 257 862 senis?
289 798 469 863 miserebor
491 797 590 881 enirn,
618 798 746 864 etiamsi
767 803 876 880 nocet,
903 799 1107 864 necessitate.

146 886 312 970 quaeritis,
338 908 401 970 quo
425 886 518 951 cedat
540 886 671 954 animo?
702 908 765 970 quo
789 889 926 951 matrem
949 886 1010 951 filii
1030 888 1106 952 adu-

146 975 298 1039 lescentis
331 975 427 1040 domo
464 975 603 1059 expulit,
646 997 709 1060 quo
741 975 876 1058 longam
909 975 1108 1041 matrimonii

147 1063 365 1147 concordiam,
391 1062 480 1128 nullo
503 1063 691 1148 maledicto,
719 1061 814 1127 nulla
836 1064 1019 1147 suspicione
1043 1064 1108 1130 dis·
1128 1079 1161 1126 10

150 1151 259 1234 solvit3
283 1173 346 1236 quo
371 1151 502 1232 [adhuc]
526 1152 561 1215 in
582 1155 702 1235 torum,
725 1150 873 1234 <adhuc>
893 1153 1004 1218 uxoris
1023 1154 1108 1236 prio-

148 1240 194 1303 ris
218 1239 358 1325 vestigio
382 1241 550 1318 calentem,
574 1239 710 1305 adducta
733 1243 783 1304 est
799 1261 886 1304 nova
903 1244 1019 1325 nupta,
1044 1263 1107 1326 quo

147 1349 188 1391 ne
215 1327 277 1392 hoe
305 1328 434 1412 quidem
460 1328 627 1411 praestitit
653 1328 722 1392 filio
751 1349 825 1412 suo,
854 1330 889 1392 ut
917 1330 1109 1394 vinceretur.

148 1415 213 1480 alia
236 1420 286 1481 est
306 1417 456 1481 videlicet
473 1416 591 1481 horum
609 1415 703 1500 ratio,
726 1437 807 1500 quos
825 1415 933 1483 brevis
949 1418 1108 1482 transitus

148 1505 327 1588 voluptatis
354 1504 433 1570 fecit
454 1509 619 1590 parentes,
653 1525 733 1588 quos
755 1503 867 1569 liberis
892 1505 960 1572 suis
984 1506 1110 1590 †extra
1129 1520 1162 1568 15

148 1593 301 1676 positae†
315 1594 501 1678 voluptates
516 1592 704 1658 conciliant:
729 1593 826 1657 aliter
849 1595 1003 1678 ama[n]t,
1027 1615 1109 1678 quae

148 1682 288 1766 peperit,
325 1705 409 1766 quae
445 1682 636 1747 memoriam
672 1681 782 1746 decem
817 1683 994 1766 mensium,
1027 1703 1109 1766 quae

148 1772 199 1834 tot
219 1771 444 1856 periculorum,
465 1774 518 1836 tot
536 1769 790 1836 sollicitudinum
808 1770 1048 1835 recordationes
1068 1769 1110 1836 ad

149 1879 222 1942 vos,
253 1859 388 1943 iudices,
420 1859 533 1924 adfert
578 1863 745 1924 numerate
774 1858 870 1922 huius
894 1859 1109 1925 adulescentis

152 1967 270 2031 annos,
304 1948 401 2012 breve
433 1947 571 2012 nimium
603 1947 763 2031 videatur3
796 1951 965 2012 numerate
998 1969 1110 2013 omnes
1128 1961 1163 2009 20

149 2033 231 2117 dies,
263 2036 394 2120 singula
423 2039 608 2122 temporum
641 2039 819 2101 momenta:
850 2036 974 2100 tamdiu
1007 2039 1111 2101 mater

149 2122 373 2188 testimonium
406 2123 493 2188 dicit.
542 2123 635 2188 nulla
665 2127 776 2210 potest
806 2145 876 2190 esse
909 2129 978 2190 tam
1010 2125 1111 2209 longa

152 2209 325 2276 simulatio.

219 2295 254 2362 Si
276 2299 365 2382 leges
386 2297 499 2363 ¹sinant
525 2299 786 2382 permittatisque
810 2321 882 2382 vos,
910 2321 945 2364 se
967 2299 1112 2383 torqueri

151 2385 254 2468 volet,
277 2407 312 2450 se
335 2385 450 2469 inponi
473 2386 611 2470 ignibus,
635 2409 669 2451 se
692 2386 880 2451 verberibus
904 2386 1041 2451 lacerari
1055 2409 1110 2470 po
1129 2401 1165 2450 25

98 2496 101 2501 ·
153 2473 261 2540 stulet.
307 2475 384 2558 quid
409 2474 488 2558 agis,
511 2474 651 2540 mulier?
674 2476 794 2538 temere
816 2473 909 2539 facis:
933 2473 1055 2539 femina
1077 2497 1111 2539 es

152 2565 186 2627 et
209 2585 298 2628 anus.
335 2562 442 2648 prima
464 2563 605 2627 forsitan
626 2564 790 2626 tormenta
812 2564 983 2645 sustineas,
1005 2563 1114 2627 vincet

152 2650 246 2717 dolor
273 2655 307 2716 et
334 2652 374 2716 ad
404 2673 554 2736 suprema
576 2650 714 2716 deficies.
760 2672 779 2714 o
803 2649 1039 2734 admirabilem,
1066 2651 1113 2714 iu·

225 2807 289 2860 tte
308 2824 358 2863 om.
377 2812 397 2860 B
420 2811 430 2880 Ι]
452 2813 469 2862 5
488 2807 597 2863 animus
615 2811 679 2875 AB,
698 2821 767 2862 corr.
788 2805 842 2862 sa
864 2807 873 2876 i
897 2811 914 2860 6
931 2805 1113 2862 noverculaes

154 2877 231 2946 Atti
250 2879 348 2932 credat
365 2880 448 2947 mail
466 2877 659 2933 adulewentes
677 2879 751 2948 3119
770 2877 844 2946 quod
862 2877 954 2946 31111
974 2876 1065 2932 adhuc
1083 2877 1114 2930 in

152 2949 248 3002 torum
271 2951 307 3016 A,
330 2949 423 3002 adhuc
444 2949 604 3016 interimit,
623 2965 691 3004 corr.
710 2949 755 3004 no
772 2949 782 3018 fl
801 2955 834 3004 12
853 2949 963 3004 calente
981 2953 1031 3001 Aa
1049 2951 1059 3016 ss
1081 2954 1113 3002 ia

156 3023 226 3071 -14
244 3017 423 3074 vincerentur
440 3019 497 3073 alia
515 3036 571 3074 non
589 3021 693 3074 habere
710 3022 806 3089 patres
823 3021 934 3074 tantam
948 3019 1063 3072 amandi
1080 3017 1114 3071 li-

152 3088 234 3144 beros
253 3105 366 3144 cansam
385 3091 518 3158 quantam
536 3093 639 3144 matres
667 3092 710 3144 est
735 3089 871 3144 videlicet
897 3095 944 3144 etc.
973 3093 1026 3154 Aa,
1054 3087 1114 3143 vin-

155 3161 285 3214 cerentur
303 3175 360 3214 non
378 3160 405 3214 h.
425 3178 454 3229 p.
472 3165 520 3214 etc.
540 3190 573 3200 -
592 3160 697 3214 matres
716 3159 774 3214 elia
791 3161 835 3214 est
851 3158 908 3214 vid.
927 3161 991 3227 Abi!
1011 3163 1115 3213 16-17

154 3234 252 3284 amant
269 3247 341 3299 quae
359 3230 519 3300 pepererint
541 3233 605 3297 An,
633 3247 702 3286 corr.
721 3231 801 3300 Acri!
816 3235 849 3284 1⁷
867 3245 995 3284 mensum
1012 3231 1059 3300 ΔΙ]
1082 3235 1115 3284 19

157 3299 238 3358 affret
259 3306 301 3354 Aa
321 3303 332 3372 fl
353 3304 501 3358 numerato
519 3305 560 3354 Aa
581 3301 591 3370 ΙΙ
614 3306 649 3355 20
672 3300 818 3354 videamur
835 3304 856 3353 B
874 3301 884 3370 ΙΙ
905 3305 940 3355 23
960 3299 1115 3355 simultatio

155 3373 196 3422 Aa
208 3372 218 3440 t
231 3376 266 3424 24
284 3373 505 3440 permutatioque
522 3373 614 3440 31127
633 3370 767 3426 videlicet
783 3376 804 3424 1³

209 3467 349 3517 Quintiliani
369 3470 434 3523 decl,
451 3471 486 3510 ed.
499 3470 581 3513 Bitter.
921 3464 955 3512 22
