2668 3968
376 159 694 218 DECLAMATIONES.
713 161 850 217 ccnmv.
1049 161 1092 228 79

129 329 254 409 tamen,
285 323 405 392 duabus
432 345 504 389 oum
536 323 701 390 heredibus
729 345 798 390 esse
825 324 925 390 litem
971 346 1090 410 quaero

129 415 231 499 igitur
254 413 300 480 ab·
318 413 404 496 istis,
428 416 535 478 utram
554 413 688 499 eligant,
710 433 780 478 oum
799 435 863 498 qua
882 413 999 479 malint
1016 434 1091 480 oon·

130 503 255 570 sistere.
299 522 405 588 neque
438 501 523 567 enim
556 501 691 588 litigant
722 501 761 567 da
792 503 952 568 bonorum
989 506 1092 587 parte,

130 591 186 658 sed
209 595 317 657 totum
340 594 483 676 arguunt
505 593 748 656 testamentum.

196 679 394 764 Incipiamus
416 679 520 764 igitur
542 680 584 744 ab
607 701 655 763 ea,
677 700 759 764 quae
782 679 873 762 prior
891 680 1012 764 scripta
1031 684 1127 746 esto

130 767 207 855 quid
230 769 265 834 in
289 767 351 834 hae
373 772 465 848 parte
483 767 672 834 testamenti
691 769 845 834 vitiosum
864 767 936 834 est?
959 772 1091 834 vetatur

129 858 205 942 plus
230 878 330 942 quam
361 855 528 922 dimidiam
551 859 679 942 partem
707 856 866 922 bonorum
893 857 1091 942 relinquere:

129 945 299 1012 dimidiam
331 949 457 1029 partem
488 945 676 1029 patrimonii
709 946 836 1031 aooipit.
893 945 1091 1012 excutiemus

128 1037 260 1121 postea,
286 1034 380 1119 quale
409 1033 454 1099 sit
479 1033 572 1119 illud,
600 1034 685 1119 quod
716 1038 924 1102 consecutum
946 1039 1009 1102 est:
1042 1034 1090 1100 in-

128 1124 224 1189 terim
253 1122 316 1188 hoo
343 1123 393 1188 ius
420 1122 548 1188 firmum
576 1129 641 1207 est,
667 1144 727 1190 neo
755 1123 854 1188 everti
883 1124 1091 1208 sequentibus
1112 1140 1146 1190 10

152 1216 246 1278 otest.

129 1234 150 1297 p
195 1300 261 1385 „At
283 1300 369 1365 enim
393 1299 443 1366 ius
466 1300 524 1365 illa
547 1299 676 1384 quidem
702 1299 819 1366 habuit
840 1300 1002 1384 capiendi:
1035 1301 1091 1366 sed

130 1409 181 1472 ea,
212 1409 295 1472 quae
321 1391 438 1473 postea
460 1388 584 1474 scripta
606 1393 670 1473 est,
700 1410 767 1454 non
787 1388 931 1455 habuitf‘
971 1389 1090 1454 iterum

129 1477 354 1563 interrogabo:
374 1476 495 1561 quere?
517 1477 690 1562 „quoniam
708 1478 782 1561 plus
811 1499 910 1562 quam
923 1476 1091 1542 dimidiam

14 1601 15 1610 κ
129 1572 258 1650 partem
290 1565 478 1650 patrimonii
501 1566 683 1651 relinquere
706 1564 845 1632 feminae
867 1587 933 1632 non
955 1565 1092 1650 potuit.“
1112 1582 1145 1633 15

129 1655 232 1740 Atqui
260 1653 341 1720 haee
368 1674 495 1738 quoque
521 1677 589 1721 non
615 1655 690 1740 plus
717 1677 814 1740 quam
838 1654 972 1720 dimidia
998 1657 1092 1740 parte

129 1741 321 1828 patrimonii
344 1742 437 1808 heres
460 1742 613 1809 instituta
635 1747 694 1809 est.
725 1764 784 1810 nee
807 1743 900 1810 video
923 1743 1092 1828 rationem,

130 1853 187 1897 our
217 1831 268 1916 id,
300 1830 386 1916 quod
418 1830 466 1895 illi
499 1852 613 1916 capere
645 1831 751 1915 linuit,
783 1832 859 1898 huia
888 1854 954 1898 non
980 1832 1092 1917 liceat,

130 1941 204 1986 eum
226 1920 262 1986 in
285 1919 398 1986 eodem
422 1919 544 2005 scripta
568 1920 612 1987 sit
633 1923 840 1987 testamento.
881 1920 1092 1987 manifestum

130 2013 189 2093 est,
211 2008 297 2074 nihil
319 2030 418 2092 posse
440 2009 623 2074 calumniae
642 2008 815 2076 admittere
834 2009 933 2076 verba
951 2009 1035 2096 legia
1055 2026 1146 2078 aero
1233 2049 1235 2058 ν

130 2098 193 2164 sori
216 2101 294 2162 tura

194 2119 292 2252 1diune
322 2184 512 2270 peritissimi
534 2184 641 2251 litium
665 2186 812 2252 homines
836 2186 878 2252 ad
899 2186 1093 2270 interpreta-

131 2276 255 2340 tionem
287 2295 348 2339 noe
375 2273 455 2340 iuris
485 2273 655 2340 adducunt.
702 2295 769 2340 non
797 2275 884 2340 enim
910 2274 995 2339 hano
1022 2295 1093 2340 esse

132 2362 214 2448 legis
234 2364 445 2441 voluntatem,
469 2384 550 2447 quae
570 2363 677 2428 verbis
696 2362 896 2448 ostendatur,
918 2362 1021 2428 videri
1040 2385 1092 2429 vo·

133 2452 212 2518 lunt.
259 2473 398 2537 quorum
421 2471 481 2536 ego
504 2451 719 2535 prudentiam,
741 2451 871 2536 iudices,
894 2472 1092 2537 magnopere
1111 2467 1146 2518 rt

131 2540 246 2606 miror:
268 2544 397 2605 tantum
421 2539 567 2605 vicerunt
589 2539 665 2606 illos
689 2539 827 2606 maiores
849 2544 995 2624 nostros,
1017 2539 1092 2604 illos

132 2629 363 2694 constitutores
389 2627 478 2713 iuris,
499 2629 584 2712 illos,
608 2628 665 2713 qui
687 2627 801 2694 rudem
824 2627 990 2693 eivitatem
1013 2627 1092 2712 legi·

133 2717 193 2784 bus
218 2739 255 2784 aa
279 2717 348 2782 iure
371 2715 564 2801 formarunt,
586 2721 624 2781 ut
645 2716 707 2783 hoo
726 2717 908 2802 approbare
926 2719 1093 2800 conentur,

132 2803 272 2873 defuisse
288 2803 341 2870 his
357 2826 547 2888 sermonem,
567 2805 707 2871 defirisse
722 2804 903 2871 eonsilium.
927 2805 975 2869 Aa
989 2805 1092 2889 prius·

133 2915 229 2978 quam
260 2893 422 2959 rationem
454 2893 558 2978 ipsius
588 2893 670 2980 legis
699 2894 839 2979 excutio,
871 2893 1002 2959 interim
1031 2893 1093 2960 hoo
1112 2910 1147 2960 30

206 3109 219 3157 1
239 3103 320 3159 vobis
339 3120 404 3158 oum
422 3103 531 3175 legibus
551 3119 612 3158 esse
630 3103 648 3158 l.
668 3106 698 3172 Δ,
718 3103 799 3158 nobis
814 3119 838 3158 o.
856 3103 875 3157 l.
894 3119 918 3158 e.
938 3103 956 3158 1.
975 3105 1004 3172 B,
1024 3118 1092 3159 corr.

135 3172 176 3230 Gr
188 3175 228 3244 tr
247 3173 278 3228 in
297 3189 352 3243 qua
370 3177 429 3245 n,
447 3191 516 3232 corr.
532 3174 586 3231 ser
600 3173 639 3243 tlt
658 3189 710 3229 nee
728 3176 802 3285 {¹¹⁷
821 3173 967 3228 dimidiam
985 3175 1094 3244 partem

134 3298 268 3354 bonorum
286 3297 445 3367 relinquere
463 3314 513 3354 om.
532 3301 553 3351 B
576 3299 586 3367 ΙΙ
609 3302 625 3352 8
644 3296 749 3367 aooipit
767 3300 803 3365 Δ,
823 3296 913 3368 aoeipi
930 3301 966 3366 Ι,
985 3298 1095 3369 aceepit

135 3367 187 3424 sa
200 3370 239 3437 ΙΙθ
258 3368 351 3438 qualis
369 3373 390 3422 Ι
409 3371 419 3439 ΙΙ
439 3375 472 3425 10
490 3369 544 3426 hoe
562 3369 700 3424 infirmum
719 3373 744 3422 Δ
757 3367 766 3437 [Ι
779 3367 851 3422 verti
869 3371 890 3420 Ι
905 3370 913 3438 Η
929 3372 961 3422 12
981 3368 1092 3437 quidem

134 3437 185 3494 illa
202 3443 258 3509 ΔΙ,
277 3455 346 3495 corr.
366 3439 409 3494 Ro
424 3441 433 3510 ss
447 3445 482 3494 20
500 3440 549 3495 *ao
568 3440 665 3510 scripti
685 3442 716 3508 Δ,
735 3438 859 3508 ascripta
876 3440 897 3490 B
