2670 3962
246 135 310 200 208
610 133 834 200 QUINTUANI

246 301 364 382 potest,
387 297 451 362 nisi
473 296 560 381 quod
581 297 700 362 tacitus
719 298 847 382 probat.
879 316 939 363 nec
956 297 1036 362 haee
1054 297 1089 362 in
1106 299 1204 363 nobis

246 391 373 452 tantum
406 387 616 470 comparatio.
666 390 757 450 muta
790 385 947 450 animalia
978 385 1006 450 si
1037 385 1072 450 in
1103 408 1205 452 unum

247 475 468 558 conferantur,
496 495 615 558 genera
642 477 754 538 tamen
781 474 923 539 coibunt.
969 474 1092 538 amicus
1115 475 1205 540 illius

246 564 353 648 fuisti3
377 585 451 629 oum
473 563 533 628 illo
556 563 618 627 tibi
641 564 727 628 seria
748 583 786 627 ac
802 562 879 628 ioci:
892 583 968 632 ,non
986 567 1081 648 potes
1100 563 1206 628 videri
1322 643 1323 650 ,

213 669 313 718 enon
339 653 509 737 probasse,
537 672 617 736 quac
642 673 709 716 non
735 651 905 736 ignorasti.
950 651 1073 716 amicus
1096 652 1206 736 prodi-

248 742 329 807 toris
356 741 458 817 fuisti
502 740 576 824 plus
606 743 657 805 cst
685 739 761 824 hoc,
793 761 891 824 quam
915 740 943 804 si
965 739 1098 824 dixeris,
1131 762 1207 807 con·
1322 735 1323 762 ³

249 831 351 894 scium
370 833 403 892 te
421 829 530 894 fuisse.
557 828 623 912 „At
641 828 692 893 bis
709 831 815 893 tortus
832 828 1050 913 pernegavit.“
1079 828 1207 894 Reddes

248 918 343 982 nobis
366 917 540 1001 rationem,
564 938 662 1000 quare
686 917 735 981 illi
758 918 881 983 amicus
903 919 1075 1001 tantopere
1097 918 1208 983 fueris.

249 1005 383 1090 dignum
415 1027 468 1070 me
499 1005 629 1070 hercule
662 1007 847 1090 exemplum
878 1004 963 1089 quod
990 1005 1083 1072 fieret
1109 1006 1145 1070 in
1172 1027 1208 1071 re

197 1111 229 1159 10
248 1094 448 1159 honestiore:
461 1098 507 1177 tu,
521 1115 561 1159 ne
576 1093 631 1158 illc
646 1095 787 1179 amplius
800 1097 1014 1185 torqueretur,
1028 1094 1209 1177 pericnlum

248 1182 364 1266 capitis
398 1183 528 1267 subisti3
561 1184 629 1267 ille,
661 1205 703 1247 ne
730 1187 763 1248 tc
792 1184 990 1266 nominaret,
1022 1183 1073 1247 bis
1099 1186 1208 1248 tortus

248 1274 307 1336 est.
330 1271 386 1355 qni
407 1292 475 1336 non
495 1271 619 1337 indicat
633 1271 851 1356 <conscium>,
874 1270 1045 1336 confitetur
1068 1273 1209 1337 amicum

250 1360 359 1424 fuisse.
390 1360 462 1445 „bis
486 1364 594 1425 tortus
616 1359 777 1446 negavit.“
808 1359 893 1424 nihil
916 1358 1021 1424 dicam
1045 1360 1085 1424 de
1104 1361 1208 1426 varic-

250 1450 318 1514 tate
336 1451 586 1514 tormentorum:
605 1449 749 1514 nondum
768 1452 838 1514 erat
855 1451 972 1526 tortus,
991 1449 1048 1533 qui
1062 1449 1210 1532 torqueri

199 1553 231 1602 1⁵
250 1540 389 1689 cucur}
411 1538 771 1691 studuisse
784 1537 913 1710 furi
926 1558 1042 1691 suu
1059 1538 1210 1710 itti·

249 1712 326 1797 bus,
355 1717 392 1778 at
422 1715 517 1780 facilc
550 1717 601 1780 cst
630 1714 758 1798 integro
792 1735 888 1778 sensu
920 1714 1074 1798 perferre,
1110 1735 1209 1799 quam

252 1801 352 1867 semel
370 1802 522 1887 indueris,
544 1803 797 1887 persuasionem.
828 1802 903 1868 ideo
923 1824 975 1867 ars
995 1804 1128 1868 inventa
1146 1807 1209 1869 est:

250 1889 327 1954 illae
345 1894 499 1976 torquent
514 1894 692 1956 nocturnae
707 1891 934 1978 cogitationes,
952 1891 1012 1956 illa
1024 1891 1209 1957 recordatio

198 1994 233 2043 ao
251 1981 516 2064 praeteritorum,
543 1979 603 2043 illa
631 1980 813 2062 expectatio
845 1979 1038 2045 futurorum.
1077 1980 1136 2044 illa
1159 1984 1211 2045 est

253 2069 399 2150 quaestio
423 2069 548 2154 gravis,
579 2088 652 2131 cum
674 2067 808 2133 vulnera
831 2069 1019 2152 caeduntur,
1042 2090 1115 2133 oum
1137 2091 1210 2153 per·

253 2177 384 2222 suasum
408 2161 458 2224 est
477 2157 594 2238 animo,
616 2155 744 2220 nullum
763 2178 833 2222 esse
851 2157 950 2223 finem
962 2161 1211 2222 tormentorum.

252 2267 319 2310 non
341 2247 450 2331 igitur
464 2246 596 2330 peracta
619 2245 766 2328 quaestio
789 2246 861 2311 fuit.

317 2334 418 2400 Ducit
454 2355 506 2398 mc
537 2332 715 2417 indignitas
747 2335 804 2399 rei.
857 2356 1016 2400 venenum
1049 2334 1211 2416 proditori

200 2436 235 2486 aa
254 2420 381 2489 dedisti.
434 2423 500 2487 nisi
534 2421 623 2486 aliud
655 2423 778 2488 crimen
810 2444 1030 2506 occupassem,
1061 2422 1212 2486 veneficii

253 2531 446 2576 accusarem.
478 2530 637 2574 venenum
656 2513 793 2597 paravit,
815 2512 940 2594 habuit,
963 2509 1060 2575 dedit.
1097 2512 1131 2572 et
1144 2511 1211 2592 pri-

253 2621 342 2664 mum
368 2599 430 2666 hoc
460 2598 612 2664 invadere
635 2601 729 2666 libet:
763 2599 847 2665 unde
868 2599 931 2663 tibi
953 2594 1134 2661 venenum?
1169 2598 1211 2662 ad

252 2708 332 2769 quos
363 2709 457 2752 casus
485 2687 634 2772 parasti?
679 2690 725 2754 sic
751 2687 831 2752 illud
859 2685 1016 2769 habuisti,
1042 2688 1210 2770 tamquam

252 2775 358 2856 possis
377 2775 447 2860 ipse
465 2777 618 2861 torqueri.
651 2797 720 2860 age,
743 2775 885 2840 nondum
906 2773 1023 2840 invado
1042 2777 1211 2858 tamquam

200 2878 234 2928 30
252 2862 464 2950 proditorcm3
483 2865 616 2931 iuterim
636 2885 697 2948 ago
715 2866 824 2929 tecum
838 2863 1050 2948 magistratus
1064 2863 1211 2929 nominc:

252 2971 309 3015 cur
336 2952 371 3016 in
399 2954 579 3020 custodiam
610 2951 784 3034 irrupisti?
817 2951 935 3036 quibus
958 2951 1125 3036 suppliciis
1148 2952 1211 3017 hoc

323 3095 336 3143 1
356 3092 489 3146 tactusB
513 3093 523 3162 ΙΙ
545 3089 625 3146 vobis
643 3093 664 3142 B
682 3089 691 3158 li
714 3095 730 3144 2
749 3091 860 3146 tantum
879 3109 929 3148 om.
949 3095 989 3146 Aa
1006 3092 1016 3161 li
1036 3097 1106 3146 2-a
1125 3107 1211 3146 unum

251 3162 363 3217 tentum
381 3163 453 3218 conf.
472 3165 493 3214 B
511 3164 520 3230 ΙΙ
538 3167 553 3215 ὅ
573 3177 657 3230 quem
675 3164 737 3228 ΑΒ,
761 3179 829 3218 corr.
849 3162 893 3218 Ro
911 3163 920 3232 11
943 3169 957 3218 7
976 3161 1093 3217 *reddis
1104 3161 1139 3232 (ἓ)
1153 3163 1162 3230 ΙΙ
1177 3168 1210 3215 12

251 3265 435 3339 (conscium)
453 3267 497 3322 Ro
516 3268 525 3337 ΙΙ
545 3271 579 3321 15
602 3234 755 3337 qai1n1g
773 3274 796 3320 Δ
809 3270 819 3339 ΙΙ
833 3274 867 3323 15
884 3271 1006 3339 poterat.
1032 3268 1084 3323 illa
1102 3267 1211 3336 questio

252 3340 327 3392 esset
345 3354 429 3407 quam
447 3337 496 3408 qui
514 3339 580 3394 visti
598 3343 619 3392 B
642 3340 651 3408 ΙΙ
676 3344 708 3393 18
727 3339 792 3394 iodo
812 3343 851 3393 Aa
874 3343 882 3411 ΙΙ
905 3347 940 3394 24
959 3342 1029 3395 duce
1047 3343 1067 3392 B
1088 3341 1097 3410 ΙΙ
1116 3344 1149 3392 31
1168 3338 1213 3391 in-

250 3409 381 3477 rumpisti
398 3415 439 3461 Aa
