<?xml version="1.0" encoding="UTF-8"?>
<!DOCTYPE html PUBLIC "-//W3C//DTD XHTML 1.0 Transitional//EN"
    "http://www.w3.org/TR/xhtml1/DTD/xhtml1-transitional.dtd">
<html xmlns="http://www.w3.org/1999/xhtml" xml:lang="en" lang="en">
 <head>
  <title>
</title>
<meta http-equiv="Content-Type" content="text/html;charset=utf-8" />
  <meta name='ocr-system' content='tesseract 3.04.00' />
  <meta name='ocr-capabilities' content='ocr_page ocr_carea ocr_par ocr_line ocrx_word'/>
</head>
<body>
  <div class='ocr_page' id='page_1' title='image "./mfabiiquintilia02rittgoog_0089.png"; bbox 0 0 2640 3968; ppageno 0'>
   <div class='ocr_carea' id='block_1_1' title="bbox 132 154 823 234">
    <p class='ocr_par' dir='ltr' id='par_1_1' title="bbox 132 154 823 234">
     <span class='ocr_line' id='line_1_1' title="bbox 132 154 823 234; baseline -0.013 -16"><span class='ocrx_word' id='word_1_1' title='bbox 132 229 135 234; x_wconf 13' lang='lat' dir='ltr'>v</span> <span class='ocrx_word' id='word_1_2' title='bbox 229 155 272 220; x_wconf 84' lang='lat'>46</span> <span class='ocrx_word' id='word_1_3' title='bbox 595 154 823 222; x_wconf 76' lang='grc' dir='ltr'><strong>ιιιιιιιιιιιι</strong></span> 
     </span>
    </p>
   </div>
   <div class='ocr_carea' id='block_1_2' title="bbox 107 317 1193 2968">
    <p class='ocr_par' dir='ltr' id='par_1_2' title="bbox 228 317 1193 667">
     <span class='ocr_line' id='line_1_2' title="bbox 229 317 1193 403; baseline 0.002 -21"><span class='ocrx_word' id='word_1_4' title='bbox 229 338 300 383; x_wconf 89' lang='lat' dir='ltr'>esse</span> <span class='ocrx_word' id='word_1_5' title='bbox 329 317 518 403; x_wconf 79' lang='lat' dir='ltr'>transfugas</span> <span class='ocrx_word' id='word_1_6' title='bbox 543 317 708 402; x_wconf 83' lang='lat' dir='ltr'>&lt;dicunt&gt;,</span> <span class='ocrx_word' id='word_1_7' title='bbox 729 317 792 383; x_wconf 92' lang='lat' dir='ltr'>hoo</span> <span class='ocrx_word' id='word_1_8' title='bbox 815 317 938 402; x_wconf 88' lang='lat' dir='ltr'>dicunt,</span> <span class='ocrx_word' id='word_1_9' title='bbox 965 317 1002 382; x_wconf 92' lang='lat' dir='ltr'>in</span> <span class='ocrx_word' id='word_1_10' title='bbox 1025 318 1193 402; x_wconf 81' lang='lat' dir='ltr'>superiore</span> 
     </span>
     <span class='ocr_line' id='line_1_3' title="bbox 229 406 1193 490; baseline 0.002 -20"><span class='ocrx_word' id='word_1_11' title='bbox 229 427 299 471; x_wconf 85' lang='lat' dir='ltr'>esse</span> <span class='ocrx_word' id='word_1_12' title='bbox 327 407 399 472; x_wconf 94' lang='grc'><strong>1000</strong></span> <span class='ocrx_word' id='word_1_13' title='bbox 431 410 577 472; x_wconf 88' lang='lat' dir='ltr'>nostram</span> <span class='ocrx_word' id='word_1_14' title='bbox 608 407 785 473; x_wconf 86' lang='lat' dir='ltr'>civitatem.</span> <span class='ocrx_word' id='word_1_15' title='bbox 835 427 939 490; x_wconf 89' lang='lat' dir='ltr'>neque</span> <span class='ocrx_word' id='word_1_16' title='bbox 967 406 1054 471; x_wconf 92' lang='lat' dir='ltr'><strong>enim</strong></span> <span class='ocrx_word' id='word_1_17' title='bbox 1082 427 1193 472; x_wconf 87' lang='lat' dir='ltr'>amore</span> 
     </span>
     <span class='ocr_line' id='line_1_4' title="bbox 228 494 1193 580; baseline 0.002 -22"><span class='ocrx_word' id='word_1_18' title='bbox 228 495 344 580; x_wconf 79' lang='lat' dir='ltr'><strong>nostri,</strong></span> <span class='ocrx_word' id='word_1_19' title='bbox 368 494 424 560; x_wconf 90' lang='lat' dir='ltr'>sed</span> <span class='ocrx_word' id='word_1_20' title='bbox 447 499 514 560; x_wconf 89' lang='lat' dir='ltr'>met</span> <span class='ocrx_word' id='word_1_21' title='bbox 515 518 537 560; x_wconf 95' lang='lat' dir='ltr'>u</span> <span class='ocrx_word' id='word_1_22' title='bbox 558 495 762 560; x_wconf 87' lang='lat' dir='ltr'>imminentis</span> <span class='ocrx_word' id='word_1_23' title='bbox 785 494 936 560; x_wconf 75' lang='lat' dir='ltr'><strong>fortunae</strong></span> <span class='ocrx_word' id='word_1_24' title='bbox 958 495 1193 580; x_wconf 64' lang='lat' dir='ltr'>monofogiunt</span> 
     </span>
     <span class='ocr_line' id='line_1_5' title="bbox 228 582 1193 686; baseline 0.002 -40"><span class='ocrx_word' id='word_1_25' title='bbox 228 582 282 646; x_wconf 88' lang='lat' dir='ltr'>An</span> <span class='ocrx_word' id='word_1_26' title='bbox 305 582 435 649; x_wconf 82' lang='lat' dir='ltr'><strong>facilius</strong></span> <span class='ocrx_word' id='word_1_27' title='bbox 458 583 662 667; x_wconf 84' lang='lat' dir='ltr'>deposituros</span> <span class='ocrx_word' id='word_1_28' title='bbox 684 583 888 667; x_wconf 85' lang='lat' dir='ltr'>propositum</span> <span class='ocrx_word' id='word_1_29' title='bbox 911 583 1055 686; x_wconf 88' lang='lat' dir='ltr'>bellandi</span> <span class='ocrx_word' id='word_1_30' title='bbox 1078 582 1193 650; x_wconf 88' lang='lat' dir='ltr'>hostes</span> 
     </span>
    </p>

    <p class='ocr_par' dir='ltr' id='par_1_3' title="bbox 193 670 1192 1112">
     <span class='ocr_line' id='line_1_6' title="bbox 193 670 1191 756; baseline -0.001 -19"><span class='ocrx_word' id='word_1_31' title='bbox 193 689 209 738; x_wconf 81' lang='lat' dir='ltr'>s</span> <span class='ocrx_word' id='word_1_32' title='bbox 228 675 390 756; x_wconf 89' lang='lat' dir='ltr'>putamus,</span> <span class='ocrx_word' id='word_1_33' title='bbox 414 673 442 736; x_wconf 91' lang='lat' dir='ltr'>si</span> <span class='ocrx_word' id='word_1_34' title='bbox 464 673 575 756; x_wconf 84' lang='lat' dir='ltr'>plures</span> <span class='ocrx_word' id='word_1_35' title='bbox 597 670 857 756; x_wconf 80' lang='lat' dir='ltr'>transfugerint‘?</span> <span class='ocrx_word' id='word_1_36' title='bbox 880 671 1022 737; x_wconf 91' lang='lat' dir='ltr'><strong>minime.</strong></span> <span class='ocrx_word' id='word_1_37' title='bbox 1046 694 1123 737; x_wconf 88' lang='lat' dir='ltr'>nam</span> <span class='ocrx_word' id='word_1_38' title='bbox 1146 671 1191 756; x_wconf 89' lang='lat' dir='ltr'>hi,</span> 
     </span>
     <span class='ocr_line' id='line_1_7' title="bbox 228 760 1192 846; baseline 0.001 -22"><span class='ocrx_word' id='word_1_39' title='bbox 228 761 285 845; x_wconf 88' lang='lat' dir='ltr'>qui</span> <span class='ocrx_word' id='word_1_40' title='bbox 312 761 437 825; x_wconf 90' lang='lat' dir='ltr'><strong>bellum</strong></span> <span class='ocrx_word' id='word_1_41' title='bbox 465 780 577 845; x_wconf 81' lang='lat' dir='ltr'>gerere</span> <span class='ocrx_word' id='word_1_42' title='bbox 606 762 720 826; x_wconf 85' lang='lat' dir='ltr'>contra</span> <span class='ocrx_word' id='word_1_43' title='bbox 746 781 807 826; x_wconf 91' lang='lat' dir='ltr'>nos</span> <span class='ocrx_word' id='word_1_44' title='bbox 833 779 900 827; x_wconf 90' lang='lat' dir='ltr'>non</span> <span class='ocrx_word' id='word_1_45' title='bbox 927 760 1060 846; x_wconf 84' lang='lat' dir='ltr'>audent,</span> <span class='ocrx_word' id='word_1_46' title='bbox 1093 761 1121 825; x_wconf 89' lang='lat' dir='ltr'>si</span> <span class='ocrx_word' id='word_1_47' title='bbox 1143 761 1192 826; x_wconf 91' lang='lat' dir='ltr'>lo-</span> 
     </span>
     <span class='ocr_line' id='line_1_8' title="bbox 229 848 1192 935; baseline 0 -22"><span class='ocrx_word' id='word_1_48' title='bbox 229 869 301 913; x_wconf 93' lang='lat' dir='ltr'>cum</span> <span class='ocrx_word' id='word_1_49' title='bbox 333 849 367 914; x_wconf 91' lang='lat' dir='ltr'>in</span> <span class='ocrx_word' id='word_1_50' title='bbox 400 849 533 914; x_wconf 87' lang='lat' dir='ltr'>civitate</span> <span class='ocrx_word' id='word_1_51' title='bbox 563 853 678 916; x_wconf 89' lang='lat' dir='ltr'>nostra</span> <span class='ocrx_word' id='word_1_52' title='bbox 704 871 771 915; x_wconf 91' lang='lat' dir='ltr'>non</span> <span class='ocrx_word' id='word_1_53' title='bbox 796 848 985 933; x_wconf 76' lang='lat' dir='ltr'>habuerint,</span> <span class='ocrx_word' id='word_1_54' title='bbox 1017 870 1112 935; x_wconf 83' lang='lat' dir='ltr'>saepe</span> <span class='ocrx_word' id='word_1_55' title='bbox 1140 849 1192 914; x_wconf 90' lang='lat' dir='ltr'>de-</span> 
     </span>
     <span class='ocr_line' id='line_1_9' title="bbox 228 937 1191 1022; baseline 0.001 -21"><span class='ocrx_word' id='word_1_56' title='bbox 228 937 369 1020; x_wconf 89' lang='lat' dir='ltr'>ponendi</span> <span class='ocrx_word' id='word_1_57' title='bbox 387 937 468 1002; x_wconf 87' lang='lat' dir='ltr'><strong>belli</strong></span> <span class='ocrx_word' id='word_1_58' title='bbox 487 940 636 1003; x_wconf 73' lang='lat' dir='ltr'>auctores</span> <span class='ocrx_word' id='word_1_59' title='bbox 656 941 764 1003; x_wconf 84' lang='lat' dir='ltr'>erunt:</span> <span class='ocrx_word' id='word_1_60' title='bbox 786 959 873 1003; x_wconf 91' lang='lat' dir='ltr'>nunc</span> <span class='ocrx_word' id='word_1_61' title='bbox 890 938 926 1002; x_wconf 93' lang='lat' dir='ltr'>in</span> <span class='ocrx_word' id='word_1_62' title='bbox 943 938 1107 1022; x_wconf 88' lang='lat' dir='ltr'>privatum</span> <span class='ocrx_word' id='word_1_63' title='bbox 1127 937 1191 1004; x_wconf 89' lang='lat' dir='ltr'>sibi</span> 
     </span>
     <span class='ocr_line' id='line_1_10' title="bbox 229 1025 1190 1112; baseline 0 -22"><span class='ocrx_word' id='word_1_64' title='bbox 229 1025 351 1110; x_wconf 86' lang='lat' dir='ltr'><strong>singuli</strong></span> <span class='ocrx_word' id='word_1_65' title='bbox 383 1027 566 1092; x_wconf 90' lang='lat' dir='ltr'>consulunt.</span> <span class='ocrx_word' id='word_1_66' title='bbox 622 1029 673 1091; x_wconf 92' lang='lat' dir='ltr'>est</span> <span class='ocrx_word' id='word_1_67' title='bbox 704 1047 860 1112; x_wconf 80' lang='lat' dir='ltr'><strong>magnum</strong></span> <span class='ocrx_word' id='word_1_68' title='bbox 891 1025 926 1091; x_wconf 91' lang='lat' dir='ltr'>in</span> <span class='ocrx_word' id='word_1_69' title='bbox 957 1026 1095 1111; x_wconf 78' lang='lat' dir='ltr'>singulis</span> <span class='ocrx_word' id='word_1_70' title='bbox 1122 1047 1190 1091; x_wconf 91' lang='lat' dir='ltr'>mo·</span> 
     </span>
    </p>

    <p class='ocr_par' dir='ltr' id='par_1_4' title="bbox 174 1114 1191 1288">
     <span class='ocr_line' id='line_1_11' title="bbox 174 1114 1191 1200; baseline 0.001 -22"><span class='ocrx_word' id='word_1_71' title='bbox 174 1131 208 1179; x_wconf 87' lang='lat'>10</span> <span class='ocrx_word' id='word_1_72' title='bbox 226 1117 385 1200; x_wconf 83' lang='lat' dir='ltr'><strong>mentum3</strong></span> <span class='ocrx_word' id='word_1_73' title='bbox 409 1135 447 1180; x_wconf 90' lang='lat' dir='ltr'>ac</span> <span class='ocrx_word' id='word_1_74' title='bbox 468 1115 497 1180; x_wconf 88' lang='lat' dir='ltr'>si</span> <span class='ocrx_word' id='word_1_75' title='bbox 514 1115 685 1200; x_wconf 87' lang='lat' dir='ltr'>praeclusa</span> <span class='ocrx_word' id='word_1_76' title='bbox 701 1115 782 1180; x_wconf 89' lang='lat' dir='ltr'>haec</span> <span class='ocrx_word' id='word_1_77' title='bbox 799 1115 900 1180; x_wconf 85' lang='lat' dir='ltr'>fuerit</span> <span class='ocrx_word' id='word_1_78' title='bbox 918 1136 1000 1200; x_wconf 85' lang='lat' dir='ltr'>spes,</span> <span class='ocrx_word' id='word_1_79' title='bbox 1022 1114 1108 1199; x_wconf 88' lang='lat' dir='ltr'><strong>quod</strong></span> <span class='ocrx_word' id='word_1_80' title='bbox 1127 1115 1191 1180; x_wconf 91' lang='lat' dir='ltr'>sin·</span> 
     </span>
     <span class='ocr_line' id='line_1_12' title="bbox 228 1202 832 1288; baseline 0.003 -22"><span class='ocrx_word' id='word_1_81' title='bbox 228 1202 297 1288; x_wconf 81' lang='lat' dir='ltr'><strong>guli</strong></span> <span class='ocrx_word' id='word_1_82' title='bbox 320 1202 455 1287; x_wconf 84' lang='lat' dir='ltr'>faciunt,</span> <span class='ocrx_word' id='word_1_83' title='bbox 476 1204 620 1270; x_wconf 83' lang='lat' dir='ltr'>universi</span> <span class='ocrx_word' id='word_1_84' title='bbox 643 1203 832 1269; x_wconf 88' lang='lat' dir='ltr'>suadebunt.</span> 
     </span>
    </p>

    <p class='ocr_par' dir='ltr' id='par_1_5' title="bbox 226 1289 1190 1554">
     <span class='ocr_line' id='line_1_13' title="bbox 293 1289 1189 1376; baseline 0 -20"><span class='ocrx_word' id='word_1_85' title='bbox 293 1289 384 1357; x_wconf 84' lang='lat' dir='ltr'>Haec</span> <span class='ocrx_word' id='word_1_86' title='bbox 408 1291 558 1376; x_wconf 87' lang='lat' dir='ltr'>dicerem,</span> <span class='ocrx_word' id='word_1_87' title='bbox 586 1292 717 1357; x_wconf 88' lang='lat' dir='ltr'>etiamsi</span> <span class='ocrx_word' id='word_1_88' title='bbox 743 1290 826 1357; x_wconf 90' lang='lat' dir='ltr'><strong>nihil</strong></span> <span class='ocrx_word' id='word_1_89' title='bbox 854 1312 892 1357; x_wconf 85' lang='lat' dir='ltr'>ex</span> <span class='ocrx_word' id='word_1_90' title='bbox 915 1292 988 1357; x_wconf 89' lang='lat' dir='ltr'>istis</span> <span class='ocrx_word' id='word_1_91' title='bbox 1010 1294 1117 1356; x_wconf 87' lang='lat' dir='ltr'>metus</span> <span class='ocrx_word' id='word_1_92' title='bbox 1140 1312 1189 1356; x_wconf 91' lang='lat' dir='ltr'>es-</span> 
     </span>
     <span class='ocr_line' id='line_1_14' title="bbox 228 1379 1190 1465; baseline 0 -21"><span class='ocrx_word' id='word_1_93' title='bbox 228 1384 290 1445; x_wconf 89' lang='lat' dir='ltr'>set:</span> <span class='ocrx_word' id='word_1_94' title='bbox 321 1401 407 1446; x_wconf 89' lang='lat' dir='ltr'>nunc</span> <span class='ocrx_word' id='word_1_95' title='bbox 429 1402 507 1446; x_wconf 87' lang='lat' dir='ltr'>vero</span> <span class='ocrx_word' id='word_1_96' title='bbox 529 1402 596 1446; x_wconf 92' lang='lat' dir='ltr'>non</span> <span class='ocrx_word' id='word_1_97' title='bbox 618 1403 752 1465; x_wconf 89' lang='lat' dir='ltr'>possum</span> <span class='ocrx_word' id='word_1_98' title='bbox 774 1402 842 1446; x_wconf 90' lang='lat' dir='ltr'>non</span> <span class='ocrx_word' id='word_1_99' title='bbox 864 1379 1009 1446; x_wconf 88' lang='lat' dir='ltr'>confiteri</span> <span class='ocrx_word' id='word_1_100' title='bbox 1032 1379 1190 1445; x_wconf 82' lang='lat' dir='ltr'>sollicitu-</span> 
     </span>
     <span class='ocr_line' id='line_1_15' title="bbox 226 1467 1190 1554; baseline 0 -21"><span class='ocrx_word' id='word_1_101' title='bbox 226 1467 336 1534; x_wconf 88' lang='lat' dir='ltr'><strong>dinem</strong></span> <span class='ocrx_word' id='word_1_102' title='bbox 354 1490 474 1534; x_wconf 88' lang='lat' dir='ltr'><strong>meam:</strong></span> <span class='ocrx_word' id='word_1_103' title='bbox 492 1471 642 1554; x_wconf 88' lang='lat' dir='ltr'>quotiens</span> <span class='ocrx_word' id='word_1_104' title='bbox 661 1470 771 1536; x_wconf 88' lang='lat' dir='ltr'>oculos</span> <span class='ocrx_word' id='word_1_105' title='bbox 791 1469 973 1535; x_wconf 87' lang='lat' dir='ltr'>circumtuli</span> <span class='ocrx_word' id='word_1_106' title='bbox 992 1472 1025 1534; x_wconf 91' lang='lat' dir='ltr'>et</span> <span class='ocrx_word' id='word_1_107' title='bbox 1038 1468 1190 1553; x_wconf 81' lang='lat' dir='ltr'>singulas</span> 
     </span>
    </p>

    <p class='ocr_par' dir='ltr' id='par_1_6' title="bbox 107 1556 1190 2968">
     <span class='ocr_line' id='line_1_16' title="bbox 174 1556 1190 1642; baseline -0.003 -20"><span class='ocrx_word' id='word_1_108' title='bbox 174 1573 207 1624; x_wconf 78' lang='lat'>15</span> <span class='ocrx_word' id='word_1_109' title='bbox 227 1561 410 1623; x_wconf 86' lang='lat' dir='ltr'>castrorum</span> <span class='ocrx_word' id='word_1_110' title='bbox 437 1559 555 1624; x_wconf 89' lang='lat' dir='ltr'>metior</span> <span class='ocrx_word' id='word_1_111' title='bbox 582 1563 705 1642; x_wconf 87' lang='lat' dir='ltr'>partes,</span> <span class='ocrx_word' id='word_1_112' title='bbox 733 1579 800 1624; x_wconf 90' lang='lat' dir='ltr'>non</span> <span class='ocrx_word' id='word_1_113' title='bbox 829 1557 926 1623; x_wconf 88' lang='lat' dir='ltr'>aliter</span> <span class='ocrx_word' id='word_1_114' title='bbox 949 1578 1046 1642; x_wconf 83' lang='lat' dir='ltr'>quam</span> <span class='ocrx_word' id='word_1_115' title='bbox 1070 1557 1099 1620; x_wconf 90' lang='lat' dir='ltr'>si</span> <span class='ocrx_word' id='word_1_116' title='bbox 1121 1556 1190 1620; x_wconf 88' lang='lat' dir='ltr'>val·</span> 
     </span>
     <span class='ocr_line' id='line_1_17' title="bbox 226 1645 1190 1731; baseline -0.001 -21"><span class='ocrx_word' id='word_1_117' title='bbox 226 1645 295 1711; x_wconf 89' lang='lat' dir='ltr'>lum</span> <span class='ocrx_word' id='word_1_118' title='bbox 318 1646 423 1712; x_wconf 90' lang='lat' dir='ltr'>hostis</span> <span class='ocrx_word' id='word_1_119' title='bbox 445 1646 616 1731; x_wconf 86' lang='lat' dir='ltr'>invaserit,</span> <span class='ocrx_word' id='word_1_120' title='bbox 644 1647 767 1713; x_wconf 85' lang='lat' dir='ltr'>alienos</span> <span class='ocrx_word' id='word_1_121' title='bbox 794 1645 941 1730; x_wconf 89' lang='lat' dir='ltr'>habitus,</span> <span class='ocrx_word' id='word_1_122' title='bbox 967 1645 1076 1711; x_wconf 85' lang='lat' dir='ltr'>aliena</span> <span class='ocrx_word' id='word_1_123' title='bbox 1098 1665 1190 1710; x_wconf 84' lang='lat' dir='ltr'>arma</span> 
     </span>
     <span class='ocr_line' id='line_1_18' title="bbox 107 1734 1189 1817; baseline -0.001 -18"><span class='ocrx_word' id='word_1_124' title='bbox 107 1787 118 1808; x_wconf 84' lang='grc'><strong>.</strong></span> <span class='ocrx_word' id='word_1_125' title='bbox 226 1734 333 1817; x_wconf 87' lang='lat' dir='ltr'><strong>video;</strong></span> <span class='ocrx_word' id='word_1_126' title='bbox 355 1739 529 1800; x_wconf 72' lang='lat' dir='ltr'>versantur</span> <span class='ocrx_word' id='word_1_127' title='bbox 551 1735 638 1800; x_wconf 87' lang='lat' dir='ltr'>inter</span> <span class='ocrx_word' id='word_1_128' title='bbox 657 1735 771 1800; x_wconf 91' lang='lat' dir='ltr'>domos</span> <span class='ocrx_word' id='word_1_129' title='bbox 788 1738 928 1817; x_wconf 79' lang='lat' dir='ltr'>nostras,</span> <span class='ocrx_word' id='word_1_130' title='bbox 951 1735 1037 1800; x_wconf 82' lang='lat' dir='ltr'>inter</span> <span class='ocrx_word' id='word_1_131' title='bbox 1054 1734 1189 1817; x_wconf 86' lang='lat' dir='ltr'>templa,</span> 
     </span>
     <span class='ocr_line' id='line_1_19' title="bbox 225 1822 1188 1906; baseline -0.001 -19"><span class='ocrx_word' id='word_1_132' title='bbox 225 1822 310 1888; x_wconf 85' lang='lat' dir='ltr'>inter</span> <span class='ocrx_word' id='word_1_133' title='bbox 333 1845 453 1905; x_wconf 89' lang='lat' dir='ltr'>muros,</span> <span class='ocrx_word' id='word_1_134' title='bbox 482 1823 519 1888; x_wconf 90' lang='lat' dir='ltr'>in</span> <span class='ocrx_word' id='word_1_135' title='bbox 542 1823 658 1888; x_wconf 85' lang='lat' dir='ltr'><strong>mediis</strong></span> <span class='ocrx_word' id='word_1_136' title='bbox 679 1822 728 1889; x_wconf 85' lang='lat' dir='ltr'>rei</span> <span class='ocrx_word' id='word_1_137' title='bbox 750 1822 899 1906; x_wconf 88' lang='lat' dir='ltr'>publicae</span> <span class='ocrx_word' id='word_1_138' title='bbox 922 1822 1108 1888; x_wconf 84' lang='lat' dir='ltr'>visceribus.</span> <span class='ocrx_word' id='word_1_139' title='bbox 1146 1843 1188 1886; x_wconf 92' lang='lat' dir='ltr'>an</span> 
     </span>
     <span class='ocr_line' id='line_1_20' title="bbox 225 1910 1188 1996; baseline -0.002 -20"><span class='ocrx_word' id='word_1_140' title='bbox 225 1911 348 1996; x_wconf 87' lang='lat' dir='ltr'><strong>aliquid</strong></span> <span class='ocrx_word' id='word_1_141' title='bbox 377 1913 455 1977; x_wconf 87' lang='lat' dir='ltr'>mali</span> <span class='ocrx_word' id='word_1_142' title='bbox 478 1912 582 1977; x_wconf 86' lang='lat' dir='ltr'>velint</span> <span class='ocrx_word' id='word_1_143' title='bbox 604 1910 723 1993; x_wconf 86' lang='lat' dir='ltr'>facore,</span> <span class='ocrx_word' id='word_1_144' title='bbox 750 1914 866 1993; x_wconf 88' lang='lat' dir='ltr'>postea</span> <span class='ocrx_word' id='word_1_145' title='bbox 887 1910 1013 1994; x_wconf 79' lang='lat' dir='ltr'>vider03</span> <span class='ocrx_word' id='word_1_146' title='bbox 1040 1910 1188 1976; x_wconf 88' lang='lat' dir='ltr'>interim:</span> 
     </span>
     <span class='ocr_line' id='line_1_21' title="bbox 171 1997 1188 2086; baseline 0 -22"><span class='ocrx_word' id='word_1_147' title='bbox 171 2014 206 2065; x_wconf 79' lang='lat' dir='ltr'>ao</span> <span class='ocrx_word' id='word_1_148' title='bbox 225 2005 371 2082; x_wconf 88' lang='lat' dir='ltr'>possunt.</span> <span class='ocrx_word' id='word_1_149' title='bbox 403 2021 464 2086; x_wconf 81' lang='lat' dir='ltr'>ego</span> <span class='ocrx_word' id='word_1_150' title='bbox 487 2000 532 2065; x_wconf 90' lang='lat' dir='ltr'>ist</span> <span class='ocrx_word' id='word_1_151' title='bbox 517 1999 575 2064; x_wconf 87' lang='lat' dir='ltr'>tud</span> <span class='ocrx_word' id='word_1_152' title='bbox 597 1997 755 2080; x_wconf 87' lang='lat' dir='ltr'>†credidi</span> <span class='ocrx_word' id='word_1_153' title='bbox 774 1999 889 2083; x_wconf 89' lang='lat' dir='ltr'>scelus,</span> <span class='ocrx_word' id='word_1_154' title='bbox 911 2020 986 2064; x_wconf 88' lang='lat' dir='ltr'>cum</span> <span class='ocrx_word' id='word_1_155' title='bbox 1009 2019 1028 2062; x_wconf 98' lang='lat' dir='ltr'>a</span> <span class='ocrx_word' id='word_1_156' title='bbox 1047 1998 1188 2082; x_wconf 81' lang='lat' dir='ltr'>smguhs</span> 
     </span>
     <span class='ocr_line' id='line_1_22' title="bbox 225 2087 1187 2173; baseline -0.001 -21"><span class='ocrx_word' id='word_1_157' title='bbox 225 2109 298 2172; x_wconf 90' lang='lat' dir='ltr'>spes</span> <span class='ocrx_word' id='word_1_158' title='bbox 322 2092 387 2173; x_wconf 85' lang='lat' dir='ltr'>est,</span> <span class='ocrx_word' id='word_1_159' title='bbox 414 2109 487 2153; x_wconf 90' lang='lat' dir='ltr'>cum</span> <span class='ocrx_word' id='word_1_160' title='bbox 518 2110 537 2152; x_wconf 88' lang='lat' dir='ltr'>a</span> <span class='ocrx_word' id='word_1_161' title='bbox 559 2108 671 2171; x_wconf 77' lang='lat' dir='ltr'>paucis</span> <span class='ocrx_word' id='word_1_162' title='bbox 695 2107 769 2172; x_wconf 88' lang='lat' dir='ltr'>spes</span> <span class='ocrx_word' id='word_1_163' title='bbox 793 2091 962 2154; x_wconf 75' lang='lat' dir='ltr'>osteum</span> <span class='ocrx_word' id='word_1_164' title='bbox 986 2109 1006 2152; x_wconf 88' lang='lat' dir='ltr'>a</span> <span class='ocrx_word' id='word_1_165' title='bbox 1027 2087 1187 2172; x_wconf 86' lang='lat' dir='ltr'><strong>plurimis,</strong></span> 
     </span>
     <span class='ocr_line' id='line_1_23' title="bbox 222 2173 1187 2263; baseline 0 -24"><span class='ocrx_word' id='word_1_166' title='bbox 222 2176 289 2241; x_wconf 88' lang='lat' dir='ltr'>iarn</span> <span class='ocrx_word' id='word_1_167' title='bbox 312 2177 507 2255; x_wconf 83' lang='lat' dir='ltr'>consensi†</span> <span class='ocrx_word' id='word_1_168' title='bbox 529 2173 658 2240; x_wconf 87' lang='lat' dir='ltr'><strong>Novum</strong></span> <span class='ocrx_word' id='word_1_169' title='bbox 681 2174 813 2240; x_wconf 87' lang='lat' dir='ltr'>hercule</span> <span class='ocrx_word' id='word_1_170' title='bbox 837 2197 939 2263; x_wconf 83' lang='lat' dir='ltr'>genus</span> <span class='ocrx_word' id='word_1_171' title='bbox 959 2175 1052 2240; x_wconf 89' lang='lat' dir='ltr'>artis:</span> <span class='ocrx_word' id='word_1_172' title='bbox 1076 2195 1187 2259; x_wconf 87' lang='lat' dir='ltr'>super·</span> 
     </span>
     <span class='ocr_line' id='line_1_24' title="bbox 222 2263 1187 2349; baseline -0.001 -20"><span class='ocrx_word' id='word_1_173' title='bbox 222 2287 360 2331; x_wconf 88' lang='lat' dir='ltr'>vacuum</span> <span class='ocrx_word' id='word_1_174' title='bbox 383 2269 433 2330; x_wconf 87' lang='lat' dir='ltr'>est</span> <span class='ocrx_word' id='word_1_175' title='bbox 418 2264 616 2330; x_wconf 89' lang='lat' dir='ltr'>tounioulos</span> <span class='ocrx_word' id='word_1_176' title='bbox 639 2263 750 2332; x_wconf 80' lang='lat' dir='ltr'>fodere</span> <span class='ocrx_word' id='word_1_177' title='bbox 773 2268 807 2328; x_wconf 89' lang='lat' dir='ltr'>et</span> <span class='ocrx_word' id='word_1_178' title='bbox 829 2285 889 2349; x_wconf 88' lang='lat' dir='ltr'>per.</span> <span class='ocrx_word' id='word_1_179' title='bbox 910 2264 1054 2331; x_wconf 87' lang='lat' dir='ltr'>occultos</span> <span class='ocrx_word' id='word_1_180' title='bbox 1070 2284 1187 2347; x_wconf 87' lang='lat' dir='ltr'>specus</span> 
     </span>
     <span class='ocr_line' id='line_1_25' title="bbox 223 2351 1185 2440; baseline -0.002 -21"><span class='ocrx_word' id='word_1_181' title='bbox 223 2355 349 2440; x_wconf 84' lang='lat' dir='ltr'>ingenti</span> <span class='ocrx_word' id='word_1_182' title='bbox 322 2353 488 2418; x_wconf 84' lang='lat' dir='ltr'>tlabore</span> <span class='ocrx_word' id='word_1_183' title='bbox 521 2351 688 2417; x_wconf 84' lang='lat' dir='ltr'>exhaustis</span> <span class='ocrx_word' id='word_1_184' title='bbox 719 2353 854 2419; x_wconf 87' lang='lat' dir='ltr'>terris</span> <span class='ocrx_word' id='word_1_185' title='bbox 844 2374 880 2418; x_wconf 83' lang='lat' dir='ltr'>in</span> <span class='ocrx_word' id='word_1_186' title='bbox 907 2351 1046 2418; x_wconf 88' lang='lat' dir='ltr'><strong>mediam</strong></span> <span class='ocrx_word' id='word_1_187' title='bbox 1076 2351 1185 2417; x_wconf 88' lang='lat' dir='ltr'>subito</span> 
     </span>
     <span class='ocr_line' id='line_1_26' title="bbox 170 2439 1185 2544; baseline -0.002 -38"><span class='ocrx_word' id='word_1_188' title='bbox 170 2457 204 2508; x_wconf 73' lang='grc' dir='ltr'>ιι</span> <span class='ocrx_word' id='word_1_189' title='bbox 226 2462 390 2527; x_wconf 86' lang='lat' dir='ltr'>emergere</span> <span class='ocrx_word' id='word_1_190' title='bbox 413 2439 513 2505; x_wconf 86' lang='lat' dir='ltr'>civita</span> <span class='ocrx_word' id='word_1_191' title='bbox 477 2441 594 2504; x_wconf 79' lang='lat' dir='ltr'>tartem</span> <span class='ocrx_word' id='word_1_192' title='bbox 619 2461 853 2544; x_wconf 84' lang='lat' dir='ltr'>supervacuum</span> <span class='ocrx_word' id='word_1_193' title='bbox 872 2445 923 2506; x_wconf 89' lang='lat' dir='ltr'>est</span> <span class='ocrx_word' id='word_1_194' title='bbox 940 2441 1096 2506; x_wconf 87' lang='lat' dir='ltr'>redimere</span> <span class='ocrx_word' id='word_1_195' title='bbox 1110 2460 1185 2523; x_wconf 89' lang='lat' dir='ltr'>pro·</span> 
     </span>
     <span class='ocr_line' id='line_1_27' title="bbox 223 2528 1185 2614; baseline -0.002 -20"><span class='ocrx_word' id='word_1_196' title='bbox 223 2529 361 2595; x_wconf 84' lang='lat' dir='ltr'>ditorem</span> <span class='ocrx_word' id='word_1_197' title='bbox 385 2532 418 2592; x_wconf 92' lang='lat' dir='ltr'>et</span> <span class='ocrx_word' id='word_1_198' title='bbox 440 2529 545 2593; x_wconf 89' lang='lat' dir='ltr'>scelus</span> <span class='ocrx_word' id='word_1_199' title='bbox 568 2529 705 2613; x_wconf 85' lang='lat' dir='ltr'>pecunia</span> <span class='ocrx_word' id='word_1_200' title='bbox 726 2529 858 2614; x_wconf 88' lang='lat' dir='ltr'>pacisci.</span> <span class='ocrx_word' id='word_1_201' title='bbox 894 2529 1040 2595; x_wconf 82' lang='lat' dir='ltr'>videntes</span> <span class='ocrx_word' id='word_1_202' title='bbox 1063 2528 1185 2612; x_wconf 84' lang='lat' dir='ltr'>palam,</span> 
     </span>
     <span class='ocr_line' id='line_1_28' title="bbox 222 2614 1184 2702; baseline -0.003 -20"><span class='ocrx_word' id='word_1_203' title='bbox 222 2639 323 2682; x_wconf 80' lang='lat' dir='ltr'><strong>immo</strong></span> <span class='ocrx_word' id='word_1_204' title='bbox 334 2617 512 2702; x_wconf 81' lang='lat' dir='ltr'>gaudentes</span> <span class='ocrx_word' id='word_1_205' title='bbox 524 2617 622 2682; x_wconf 78' lang='lat' dir='ltr'>etiam</span> <span class='ocrx_word' id='word_1_206' title='bbox 631 2614 1184 2702; x_wconf 83' lang='lat' dir='ltr'>aecep1musmtrav1scerahostem</span> 
     </span>
     <span class='ocr_line' id='line_1_29' title="bbox 222 2703 1184 2790; baseline -0.003 -19"><span class='ocrx_word' id='word_1_207' title='bbox 222 2727 281 2771; x_wconf 84' lang='lat' dir='ltr'>vos</span> <span class='ocrx_word' id='word_1_208' title='bbox 297 2705 522 2788; x_wconf 88' lang='lat' dir='ltr'>aestimabitis,</span> <span class='ocrx_word' id='word_1_209' title='bbox 538 2727 580 2770; x_wconf 91' lang='lat' dir='ltr'>an</span> <span class='ocrx_word' id='word_1_210' title='bbox 594 2711 781 2790; x_wconf 87' lang='lat' dir='ltr'>suspectum</span> <span class='ocrx_word' id='word_1_211' title='bbox 796 2707 940 2775; x_wconf 89' lang='lat' dir='ltr'>debeatis</span> <span class='ocrx_word' id='word_1_212' title='bbox 954 2705 1084 2790; x_wconf 88' lang='lat' dir='ltr'>habere,</span> <span class='ocrx_word' id='word_1_213' title='bbox 1098 2703 1184 2790; x_wconf 89' lang='lat' dir='ltr'>quod</span> 
     </span>
     <span class='ocr_line' id='line_1_30' title="bbox 223 2791 1184 2898; baseline 0.001 -41"><span class='ocrx_word' id='word_1_214' title='bbox 223 2791 264 2857; x_wconf 88' lang='lat' dir='ltr'>ad</span> <span class='ocrx_word' id='word_1_215' title='bbox 300 2796 428 2858; x_wconf 87' lang='lat' dir='ltr'>tantum</span> <span class='ocrx_word' id='word_1_216' title='bbox 464 2814 635 2859; x_wconf 89' lang='lat' dir='ltr'><strong>numerum</strong></span> <span class='ocrx_word' id='word_1_217' title='bbox 674 2817 732 2879; x_wconf 87' lang='lat' dir='ltr'>per</span> <span class='ocrx_word' id='word_1_218' title='bbox 775 2796 921 2898; x_wconf 80' lang='lat' dir='ltr'>singulos</span> <span class='ocrx_word' id='word_1_219' title='bbox 956 2796 1184 2879; x_wconf 81' lang='lat' dir='ltr'>peruenerunt:</span> 
     </span>
     <span class='ocr_line' id='line_1_31' title="bbox 168 2881 1184 2968; baseline 0.001 -22"><span class='ocrx_word' id='word_1_220' title='bbox 168 2898 203 2947; x_wconf 86' lang='lat'>30</span> <span class='ocrx_word' id='word_1_221' title='bbox 222 2901 318 2947; x_wconf 90' lang='lat' dir='ltr'><strong>nemo</strong></span> <span class='ocrx_word' id='word_1_222' title='bbox 337 2881 414 2947; x_wconf 89' lang='lat' dir='ltr'><strong>illos</strong></span> <span class='ocrx_word' id='word_1_223' title='bbox 432 2882 661 2968; x_wconf 79' lang='lat' dir='ltr'>recepisset,</span> <span class='ocrx_word' id='word_1_224' title='bbox 635 2905 663 2948; x_wconf 95' lang='lat' dir='ltr'>s1</span> <span class='ocrx_word' id='word_1_225' title='bbox 676 2884 821 2950; x_wconf 88' lang='lat' dir='ltr'>univers1</span> <span class='ocrx_word' id='word_1_226' title='bbox 813 2883 1006 2950; x_wconf 86' lang='lat' dir='ltr'>venissent.</span> <span class='ocrx_word' id='word_1_227' title='bbox 1029 2903 1184 2948; x_wconf 85' lang='lat' dir='ltr'><strong>omnesne</strong></span> 
     </span>
    </p>
   </div>
   <div class='ocr_carea' id='block_1_3' title="bbox 124 3019 1184 3496">
    <p class='ocr_par' dir='ltr' id='par_1_7' title="bbox 124 3019 1184 3496">
     <span class='ocr_line' id='line_1_32' title="bbox 293 3019 1184 3155; baseline 0.003 -30"><span class='ocrx_word' id='word_1_228' title='bbox 293 3043 774 3155; x_wconf 73' lang='lat' dir='ltr'>1&lt;diount&gt;Acrl3nostriom</span> <span class='ocrx_word' id='word_1_229' title='bbox 793 3019 995 3144; x_wconf 68' lang='lat' dir='ltr'>Ell4adfac.</span> <span class='ocrx_word' id='word_1_230' title='bbox 1015 3076 1184 3144; x_wconf 68' lang='lat' dir='ltr'>ultin-</span> 
     </span>
     <span class='ocr_line' id='line_1_33' title="bbox 124 3142 1183 3216; baseline 0.006 -22"><span class='ocrx_word' id='word_1_231' title='bbox 124 3157 127 3164; x_wconf 90' lang='lat'>·</span> <span class='ocrx_word' id='word_1_232' title='bbox 219 3143 266 3196; x_wconf 89' lang='lat' dir='ltr'>tra</span> <span class='ocrx_word' id='word_1_233' title='bbox 283 3159 335 3198; x_wconf 88' lang='lat' dir='ltr'>nos</span> <span class='ocrx_word' id='word_1_234' title='bbox 352 3145 396 3214; x_wconf 76' lang='grc' dir='ltr'>ΒΙΙ</span> <span class='ocrx_word' id='word_1_235' title='bbox 415 3149 449 3199; x_wconf 89' lang='grc'>10</span> <span class='ocrx_word' id='word_1_236' title='bbox 469 3142 493 3198; x_wconf 91' lang='lat' dir='ltr'>si</span> <span class='ocrx_word' id='word_1_237' title='bbox 511 3144 581 3200; x_wconf 84' lang='lat' dir='ltr'>fuer.</span> <span class='ocrx_word' id='word_1_238' title='bbox 600 3146 704 3215; x_wconf 76' lang='lat' dir='ltr'>praeci.</span> <span class='ocrx_word' id='word_1_239' title='bbox 724 3146 752 3200; x_wconf 92' lang='lat' dir='ltr'>h.</span> <span class='ocrx_word' id='word_1_240' title='bbox 771 3163 812 3216; x_wconf 86' lang='lat' dir='ltr'>sp</span> <span class='ocrx_word' id='word_1_241' title='bbox 831 3149 884 3216; x_wconf 79' lang='grc' dir='ltr'>ΒΙΙ</span> <span class='ocrx_word' id='word_1_242' title='bbox 907 3151 940 3201; x_wconf 79' lang='grc'>17</span> <span class='ocrx_word' id='word_1_243' title='bbox 959 3148 1069 3201; x_wconf 89' lang='lat' dir='ltr'>nostros</span> <span class='ocrx_word' id='word_1_244' title='bbox 1087 3147 1134 3214; x_wconf 77' lang='grc' dir='ltr'>ΔΙΙ</span> <span class='ocrx_word' id='word_1_245' title='bbox 1147 3151 1183 3200; x_wconf 79' lang='lat'>20</span> 
     </span>
     <span class='ocr_line' id='line_1_34' title="bbox 220 3213 1183 3299; baseline 0.003 -33"><span class='ocrx_word' id='word_1_246' title='bbox 220 3217 290 3267; x_wconf 77' lang='lat'>-22</span> <span class='ocrx_word' id='word_1_247' title='bbox 309 3213 364 3268; x_wconf 80' lang='lat' dir='ltr'>Set</span> <span class='ocrx_word' id='word_1_248' title='bbox 376 3222 559 3285; x_wconf 78' lang='lat' dir='ltr'>proposuerat</span> <span class='ocrx_word' id='word_1_249' title='bbox 577 3232 644 3298; x_wconf 81' lang='lat' dir='ltr'>ergo</span> <span class='ocrx_word' id='word_1_250' title='bbox 661 3217 708 3272; x_wconf 88' lang='lat' dir='ltr'>ist</span> <span class='ocrx_word' id='word_1_251' title='bbox 726 3215 825 3299; x_wconf 77' lang='lat' dir='ltr'><strong>(non)</strong></span> <span class='ocrx_word' id='word_1_252' title='bbox 843 3215 949 3272; x_wconf 77' lang='lat' dir='ltr'>credidi</span> <span class='ocrx_word' id='word_1_253' title='bbox 967 3233 1019 3283; x_wconf 88' lang='lat' dir='ltr'>sc·</span> <span class='ocrx_word' id='word_1_254' title='bbox 1038 3231 1090 3285; x_wconf 79' lang='lat' dir='ltr'>ogo</span> <span class='ocrx_word' id='word_1_255' title='bbox 1104 3216 1183 3270; x_wconf 83' lang='lat' dir='ltr'>istud</span> 
     </span>
     <span class='ocr_line' id='line_1_35' title="bbox 219 3282 1183 3368; baseline 0.002 -30"><span class='ocrx_word' id='word_1_256' title='bbox 219 3282 317 3366; x_wconf 80' lang='lat' dir='ltr'>(non)</span> <span class='ocrx_word' id='word_1_257' title='bbox 336 3301 374 3338; x_wconf 86' lang='lat' dir='ltr'>or.</span> <span class='ocrx_word' id='word_1_258' title='bbox 394 3303 444 3354; x_wconf 83' lang='lat' dir='ltr'>sc,</span> <span class='ocrx_word' id='word_1_259' title='bbox 467 3303 530 3342; x_wconf 90' lang='lat' dir='ltr'>oum</span> <span class='ocrx_word' id='word_1_260' title='bbox 549 3304 567 3343; x_wconf 88' lang='lat' dir='ltr'>a</span> <span class='ocrx_word' id='word_1_261' title='bbox 586 3287 703 3368; x_wconf 81' lang='lat' dir='ltr'>singulis</span> <span class='ocrx_word' id='word_1_262' title='bbox 723 3287 844 3368; x_wconf 90' lang='lat' dir='ltr'>suspicio</span> <span class='ocrx_word' id='word_1_263' title='bbox 863 3289 947 3353; x_wconf 84' lang='lat' dir='ltr'>essct,</span> <span class='ocrx_word' id='word_1_264' title='bbox 966 3303 989 3343; x_wconf 91' lang='lat' dir='ltr'>o.</span> <span class='ocrx_word' id='word_1_265' title='bbox 1009 3303 1071 3368; x_wconf 86' lang='lat' dir='ltr'>ap</span> <span class='ocrx_word' id='word_1_266' title='bbox 1092 3286 1183 3356; x_wconf 84' lang='lat' dir='ltr'>suspi-</span> 
     </span>
     <span class='ocr_line' id='line_1_36' title="bbox 220 3353 1183 3430; baseline 0.002 -23"><span class='ocrx_word' id='word_1_267' title='bbox 220 3353 264 3408; x_wconf 92' lang='lat' dir='ltr'>cio</span> <span class='ocrx_word' id='word_1_268' title='bbox 284 3357 371 3410; x_wconf 86' lang='lat' dir='ltr'>esset:</span> <span class='ocrx_word' id='word_1_269' title='bbox 398 3372 461 3412; x_wconf 90' lang='lat' dir='ltr'>cum</span> <span class='ocrx_word' id='word_1_270' title='bbox 480 3358 565 3427; x_wconf 81' lang='lat' dir='ltr'>apl,</span> <span class='ocrx_word' id='word_1_271' title='bbox 593 3357 612 3413; x_wconf 87' lang='lat' dir='ltr'><strong>i</strong></span> <span class='ocrx_word' id='word_1_272' title='bbox 642 3357 770 3412; x_wconf 85' lang='lat' dir='ltr'>consensi</span> <span class='ocrx_word' id='word_1_273' title='bbox 798 3357 842 3413; x_wconf 89' lang='lat' dir='ltr'>Ro</span> <span class='ocrx_word' id='word_1_274' title='bbox 864 3359 874 3426; x_wconf 78' lang='lat' dir='ltr'>ll</span> <span class='ocrx_word' id='word_1_275' title='bbox 896 3362 930 3412; x_wconf 78' lang='lat'>28</span> <span class='ocrx_word' id='word_1_276' title='bbox 958 3356 1114 3412; x_wconf 83' lang='lat' dir='ltr'>aestimatis</span> <span class='ocrx_word' id='word_1_277' title='bbox 1133 3359 1153 3408; x_wconf 77' lang='lat' dir='ltr'>B</span> <span class='ocrx_word' id='word_1_278' title='bbox 1173 3358 1183 3430; x_wconf 71' lang='lat' dir='ltr'>ll</span> 
     </span>
     <span class='ocr_line' id='line_1_37' title="bbox 220 3429 419 3496; baseline 0.005 -18"><span class='ocrx_word' id='word_1_279' title='bbox 220 3429 380 3496; x_wconf 88' lang='lat' dir='ltr'>susceptum</span> <span class='ocrx_word' id='word_1_280' title='bbox 398 3431 419 3479; x_wconf 79' lang='lat' dir='ltr'>B</span> 
     </span>
    </p>
   </div>
   <div class='ocr_carea' id='block_1_4' title="bbox 0 0 1324 3968">
    <p class='ocr_par' dir='ltr' id='par_1_8' title="bbox 0 0 1324 3968">
     <span class='ocr_line' id='line_1_38' title="bbox 0 0 1324 3968; baseline 0 3"><span class='ocrx_word' id='word_1_281' title='bbox 0 0 1324 3968; x_wconf 95' lang='lat' dir='ltr'> </span> 
     </span>
    </p>
   </div>
  </div>
 </body>
</html>
