2692 3960
241 141 307 208 aaa
352 103 354 106 ’
608 143 835 212 autumnum

239 306 363 372 feceris.
388 311 464 374 ante
483 308 593 374 omnia
612 308 737 394 gratias
755 307 1002 393 magistratibus
1022 329 1096 393 ago,
1118 312 1207 393 quod

238 416 305 460 non
328 396 578 482 deprehendisse
602 397 748 463 contenti
766 419 813 480 ea,
837 417 919 480 quae
939 397 1204 480 ostendebantur,

239 485 362 569 aliquid
385 489 418 551 et
445 486 510 570 ipsi
532 486 690 552 viderunt.
735 485 858 571 gratias
887 505 962 572 ago,
975 487 1074 552 etiam
1096 490 1205 572 provi-

240 573 370 639 dentiae
406 575 539 641 deorum
575 575 822 661 immortalium,
859 576 915 659 qui
945 597 1123 661 numquam
1154 578 1206 643 ita

204 677 220 728 t
240 662 382 748 opprimi
412 664 586 731 ueritatem
614 664 801 747 voluerunt,
832 666 960 728 utnon
981 665 1111 750 magnis
1136 666 1206 731 suia

238 752 388 837 vestigiis
417 752 581 818 emineret.
627 753 803 818 recitentur
829 752 891 817 hae
913 752 1059 818 tabulae:
1092 754 1205 821 ›abdi-

127 847 130 854 “
232 841 320 906 cabo
343 845 407 907 ter.
448 863 514 907 non
536 842 612 927 lego
636 842 813 926 sequentia.
858 860 943 926 nego
966 841 1051 908 hanc
1074 844 1205 908 666611·
1332 831 1333 860 ¹

239 929 369 994 duciam
394 930 473 1014 eius,
496 931 553 1015 qui
575 931 615 995 de
634 930 826 996 adfectanda
844 931 1018 1014 tyrannide
1037 931 1205 1017 cogitavit:

186 1019 188 1024 ’
239 1017 365 1082 anille
392 1017 428 1082 16
449 1018 605 1083 iudicium
628 1039 746 1085 uocare
769 1040 867 1083 ausus
899 1017 1018 1085 fuisset
1050 1023 1084 1084 et
1110 1021 1203 1105 igno·
1332 1066 1333 1090 r

184 1121 219 1170 10
237 1105 339 1170 minia
363 1106 499 1171 adficere
522 1107 763 1172 adulescentem
786 1107 897 1173 omnia
920 1108 1099 1174 scientem?
1136 1131 1204 1175 non
1332 1109 1333 1170 1

238 1195 326 1260 enim
348 1196 497 1280 tyrannia
521 1197 740 1261 convincenda
761 1196 912 1282 vestigiis
936 1199 1007 1261 erat
1028 1219 1133 1282 neque
1154 1220 1204 1262 ar·

237 1285 401 1368 gumentia
424 1285 576 1350 eruenda:
601 1283 690 1350 domi
713 1307 813 1369 arma,
835 1284 924 1350 domi
948 1289 1134 1371 apparatus.
1170 1291 1204 1352 et

238 1373 268 1436 si
302 1371 388 1438 hanc
419 1395 551 1439 oausam
584 1374 755 1439 abdicandi
785 1377 818 1439 te
849 1395 916 1439 non
946 1374 1075 1460 habuit,
1112 1375 1201 1442 dicas

237 1467 380 1546 oportet,
408 1484 511 1547 quam
543 1463 642 1528 aliam
667 1462 831 1528 babuerit.
879 1484 945 1528 non
974 1463 1202 1530 consentiebas

183 1565 216 1616 16
236 1551 382 1616 consiliis
415 1550 507 1617 eius?
549 1551 611 1617 hoo
647 1553 754 1617 minus
786 1556 820 1615 16
851 1551 991 1617 debebat
1023 1552 1201 1618 offendere:
1332 1573 1333 1580 ¹

235 1637 300 1721 ille,
330 1640 358 1703 ι1
380 1643 414 1704 16
436 1644 603 1725 tamquam
627 1641 766 1718 indicem
788 1640 967 1726 timuisset,
989 1641 1097 1725 potuit
1121 1643 1201 1707 occi·

235 1726 320 1792 dere.
356 1729 437 1793 satis
462 1726 540 1814 ergo
562 1729 696 1814 plenum
718 1729 769 1793 vel
791 1727 854 1792 boc
877 1732 948 1794 erat
971 1734 1201 1814 argumentum

234 1813 454 1904 innocentiae,
482 1819 638 1883 severitas
661 1821 695 1882 et
711 1815 866 1883 uindicta.
912 1818 989 1903 qnid
1011 1823 1123 1884 tamen
1146 1819 1201 1884 ad·

235 1903 356 1969 iectum
371 1906 444 1973 est?
462 1907 514 1971 »61
532 1905 748 1992 responderis,
766 1926 881 1970 causas
899 1907 1081 1972 indicabo«.
1105 1930 1202 1992 quae·

181 1991 298 2059 aurite
320 2015 415 2080 nunc,
437 2000 510 2060 uter
529 1995 635 2059 malae
654 1994 699 2058 sit
717 1994 943 2061 conscientiae.
971 1996 1029 2061 ille
1046 1996 1201 2064 minatur.

235 2101 292 2146 cur
320 2083 420 2149 taceri
448 2082 574 2150 voluit?
617 2083 772 2166 quoniam
800 2087 896 2167 pater
927 2089 1011 2168 erat,
1044 2086 1199 2169 quoniam

233 2190 412 2256 numquam
434 2173 470 2236 hi
494 2170 639 2236 adfectus
661 2171 697 2235 16
715 2175 844 2237 tantum
861 2173 1035 2240 vincuntur
1054 2174 1138 2258 odio,
1160 2178 1198 2239 ut

233 2279 300 2324 non
328 2261 369 2325 ad
396 2264 546 2326 naturam
575 2281 668 2324 suam
691 2264 802 2326 tamen
824 2266 1037 2328 revertantur.
1075 2284 1199 2342 causas,

234 2368 315 2431 quas
348 2349 404 2413 1116
432 2371 467 2414 66
495 2348 656 2414 dicturum
683 2350 826 2415 minatus
854 2354 918 2434 est,
949 2353 985 2416 tu
1016 2351 1198 2416 ostendisti.

180 2449 214 2500 25
233 2435 314 2502 haec
337 2459 429 2503 arma
452 2437 637 2503 detecturus
656 2443 736 2524 erat,
759 2440 788 2504 ei
805 2439 1039 2524 respondissem
1062 2439 1122 2503 hos
1142 2461 1199 2523 ap-

233 2529 368 2609 paratus
390 2527 616 2610 protracturus
639 2527 675 2593 16
697 2528 849 2593 medium.

301 2611 389 2678 Satis
413 2635 570 2699 apparere
596 2618 748 2682 omnibus
766 2615 917 2700 arbitror,
940 2613 1136 2683 adfectatam
1156 2617 1197 2682 ab

232 2700 295 2766 hoc
318 2723 388 2766 esse
410 2703 625 2787 tyrannidem.
663 2727 705 2769 ne
728 2724 823 2788 quem
844 2707 957 2768 ‘autem
980 2706 1124 2769 vestrum
1148 2727 1197 2771 se·

233 2810 344 2854 curum
367 2790 469 2859 faciat
490 2792 562 2877 boc,
586 2791 671 2877 quod
695 2811 865 2876 oppressa,
888 2790 974 2876 quod
996 2791 1197 2878 deprebensa

178 2893 213 2942 ao
233 2880 284 2942 est
314 2880 476 2963 tyrannis:
509 2883 686 2966 apparatus
719 2879 805 2944 enim
831 2879 895 2947 iste
924 2884 1066 2947 testatur
1089 2882 1197 2948 adule-

232 2968 351 3032 scentis
374 2973 525 3036 mentem.
561 2989 639 3034 num
661 2966 747 3033 latro
771 2967 992 3038 innocentiam
1016 2972 1143 3057 accipit,
1167 2972 1196 3036 si

232 3055 303 3140 quis
326 3057 376 3122 illi
400 3057 543 3143 gladium
566 3056 779 3142 extorqueat?
807 3059 953 3127 minatur
971 3061 1091 3146 aliquis
1110 3083 1196 3126 moe·

301 3218 318 3267 8
338 3215 367 3268 et
384 3229 436 3268 om.
455 3212 896 3287 Β156616616166Β1666ςὶ6
915 3217 1026 3288 66111
1045 3218 1194 3274 tirannis

230 3283 281 3351 11
301 3289 334 3338 12
353 3286 470 3339 cruenta
487 3287 508 3337 B
526 3287 536 3357 1
556 3291 589 3340 13
608 3287 638 3340 16
656 3301 706 3341 om.
725 3288 746 3338 B
764 3288 826 3357 120
845 3291 911 3344 sunt
928 3291 1019 3360 Β121
1038 3292 1131 3346 tacere
1148 3290 1193 3359 tn

230 3355 397 3410 23166166]
416 3358 459 3425 11
478 3361 512 3410 26
531 3357 585 3412 hoc
604 3359 705 3428 Β121
725 3358 854 3412 omnibus
872 3375 923 3415 om.
942 3361 1125 3431 16121-28
1144 3360 1194 3415 ad-

228 3423 284 3478 huc
303 3427 394 3494 3132
413 3426 570 3482 minaturus
588 3432 629 3480 Aa
647 3429 687 3497 (et
706 3425 768 3499 Βὲ),
787 3428 909 3486 minatus
928 3436 977 3501 Ab,
997 3447 1065 3490 corr.
1084 3433 1129 3489 Ro
