2682 3956
239 110 305 174 382
606 111 835 178 aemulamur

550 291 887 360 DECLAMATIO.

305 417 525 504 Tyrannidem
552 443 641 504 paro.
686 420 776 484 vides
806 421 908 484 enim:
937 441 1010 484 eum
1035 420 1202 485 sceleratis

239 508 322 573 mihi
341 508 514 575 convenit?
536 507 682 576 revocari
697 508 805 574 exules
820 508 920 573 volo?
943 531 997 572 -ε
1020 530 1087 573 non
1101 511 1201 574 etiam

239 601 320 662 ieeta
347 598 480 663 illorum
503 597 641 663 consilia
662 596 889 680 deprehendo?
918 618 960 662 an
983 617 1059 680 ego,
1088 598 1115 661 si
1139 597 1202 663 hoe

203 683 447 770 eeogitassem‚
484 690 553 751 tam
590 690 701 769 aperte
738 686 847 752 omnia
884 685 1024 768 egissem
1062 687 1094 750 et
1130 687 1200 770 ipse

233 770 447 856 'potissimum
479 775 520 838 ad
552 773 678 839 exulem
707 774 860 839 ivissem?
899 773 1050 857 protinus
1082 795 1134 837 me
1164 797 1203 839 ae

238 863 443 947 propositum
475 885 583 928 meum
614 863 744 927 noeenti
777 862 999 946 aperuissem?
1040 885 1107 928 non
1138 862 1202 929 hoe

238 952 345 1035 ipsum
378 951 493 1016 timere
525 950 643 1015 debui?
690 951 879 1016 adiecissem
916 950 990 1015 huie
1023 951 1202 1036 suspicioni

240 1038 435 1105 sententiam
459 1061 573 1121 meam,
596 1045 634 1104 ut
656 1039 782 1104 viderer
800 1039 916 1104 timere
935 1039 1097 1105 indicem?
1119 1038 1203 1104 nibil
1322 1049 1324 1096 ὲ

189 1141 221 1190 10
240 1126 336 1192 debui
361 1127 477 1212 minus,
500 1150 597 1212 quam
620 1127 655 1192 in
678 1132 766 1193 metu
789 1129 895 1212 ipsum
914 1132 1037 1194 metum
1054 1128 1201 1212 prodere.

625 1319 802 1394 Actum.

318 1444 414 1512 Reus
436 1444 654 1528 tyrannidis,
679 1445 743 1526 qni
766 1443 983 1511 deliberavit
1004 1445 1121 1512 vietor

563 1551 665 1599 arma
687 1532 872 1616 deponere.

238 1657 292 1722 Ex
320 1674 522 1724 suseicmun
551 1674 764 1723 rusmirunrs
795 1673 849 1722 sir
872 1673 989 1723 scn10.
1036 1656 1202 1734 Quaedam
1323 1687 1324 1692 ¹

186 1760 219 1809 15
328 1746 456 1829 civitas,
494 1768 576 1831 quae
613 1746 700 1811 bello
737 1745 927 1828 laborabat,
964 1769 1037 1812 eum
1074 1746 1201 1813 duobus

326 1834 458 1920 proeliis
476 1834 563 1900 vieta
582 1839 676 1918 esset,
696 1835 882 1900 adulescens
901 1833 1203 1919 dives<et>n0bilis

327 1946 401 1988 eum
421 1945 587 1991 servorum
611 1929 644 1990 et
667 1923 832 1989 clientium
856 1946 954 1988 manu
978 1927 1104 1989 armata
1125 1947 1201 2010 pro-

327 2012 425 2077 cessit
455 2011 490 2076 in
521 2012 691 2098 proelium.
738 2012 865 2098 fugavit
893 2012 1015 2078 hostes.
1060 2014 1201 2098 populus

327 2102 475 2167 redeunti
496 2106 607 2186 portas
631 2101 734 2166 elusit
768 2123 841 2166 eum
860 2105 1047 2185 aperturum
1066 2102 1201 2186 promit·

327 2193 425 2274 teret,
457 2190 486 2255 si
515 2213 605 2255 arma
632 2190 811 2274 posuisset,
838 2189 1007 2274 respondit
1034 2189 1136 2272 dives,
1167 2212 1203 2254 se

328 2278 590 2344 deliberaturum.
645 2279 753 2343 triduo
785 2277 986 2343 deliberavit.
1038 2278 1134 2343 rediit
1165 2279 1202 2343 in

327 2367 493 2432 civitatem
521 2367 638 2451 positis
667 2367 776 2432 armis.
828 2389 901 2432 reus
930 2372 981 2432 est
1008 2367 1202 2450 tyrannidis.

522 2515 524 2519 ’
630 2541 804 2609 saeue

289 2667 447 2734 [Divitem
482 2668 568 2733 hune
600 2667 743 2732 disemus
775 2667 898 2732 natum
922 2667 1062 2732 honesta
1094 2666 1203 2751 domo,

184 2772 217 2821 25
235 2760 329 2841 patre
362 2756 510 2840 militari,
542 2757 621 2821 forti
650 2757 736 2821 viro:
769 2777 789 2819 a
822 2755 936 2838 primis
966 2757 1078 2820 statim
1106 2755 1203 2820 annis

237 2845 422 2911 adsuevisse
450 2844 558 2909 studio
588 2865 767 2928 armorum,
798 2864 954 2928 magnum
978 2866 1036 2927 per
1059 2865 1094 2909 se
1116 2844 1203 2908 mili-
1321 2885 1322 2892 κ

236 2933 304 3000 tias
336 2954 430 2998 usum
465 2931 645 3018 collegisse.
691 2954 764 2997 eum
792 2935 901 2996 autem
934 2932 1044 2997 subito
1074 2931 1199 2997 bellum
1233 2950 1236 2956 ·

235 3022 417 3106 incidisset,
449 3021 574 3086 factum
606 3022 704 3086 alium
737 3021 849 3084 ducem
883 3041 949 3087 non
977 3021 1114 3099 iudicio,
1144 3020 1203 3086 sed

307 3185 324 3233 i
342 3179 434 3248 vides]
452 3177 560 3234 iudices
578 3181 653 3248 Pii
670 3178 748 3233 faeta
765 3181 796 3243 Δ,
815 3177 882 3232 fieta
895 3180 926 3245 B,
944 3193 1013 3232 cerr.
1029 3177 1127 3318 R⁰t⁶
1145 3176 1200 3230 mi—

236 3249 334 3303 sissem
353 3253 416 3317 ΑΒ,
442 3266 511 3306 corr.
532 3250 573 3305 Gr
610 3255 725 3304 imeae
742 3248 787 3316 iil
802 3253 836 3302 10
856 3255 887 3302 Ν
909 3253 932 3300 Δ
946 3249 955 3317 l
971 3254 1004 3301 13
1024 3249 1080 3319 <an
1121 3261 1203 3302 arma

237 3319 495 3393 deponere<t>Scb
509 3322 518 3390 l
534 3252 648 3392 ledet>
659 3318 704 3374 Ro
717 3320 727 3388 ΙΙ
742 3324 774 3374 17
794 3322 906 3374 armata
924 3335 975 3375 om.
990 3322 1011 3371 s
1024 3320 1034 3387 l
1047 3323 1082 3372 28
1102 3317 1204 3373 Sermo

236 3390 618 3458 malesuasus-12
