2640 3968
218 197 257 252 IV
591 191 807 247 PRAEFATIO.
829 275 832 280 Ι

219 348 312 408 stioae
329 365 384 422 per
404 363 506 405 omnes
525 347 628 420 partes
646 343 806 420 perfectae,
826 363 903 421 quae
921 344 1075 404 noneolas
1091 363 1183 422 quae·

222 445 334 506 stiones
358 445 390 504 et
413 461 481 502 ossa
503 442 557 500 illa
576 439 721 500 orationis
740 441 879 502 exhibeat
898 434 950 523 (cf.
969 441 1092 511 Quintil.
1111 442 1181 503 inst.

219 563 262 604 or.
275 542 316 620 H,
333 545 361 620 6,
378 545 394 601 1
413 521 486 617 adq,
509 539 667 601 Sermones
688 538 774 600 decll.
793 541 858 600 270
877 543 908 599 et
928 531 1016 619 314).
1053 539 1182 600 Divisio·

219 661 274 702 nes
297 642 368 702 sunt
390 639 490 714 potius
513 639 563 698 vel
585 636 717 696 medium
740 638 888 713 quoddam
910 639 1074 714 pleraeque
1093 629 1183 718 (quot

219 739 340 817 quidem
367 756 429 798 non
456 737 520 796 solo
548 730 723 811 „sermone“
749 727 956 816 continentur)
983 735 1063 794 inter
1085 735 1181 795 decla-

219 837 382 898 mationem
403 838 435 894 et
452 833 628 894 diuisionem
648 851 743 908 genus
763 831 905 908 efficiunt,
928 833 1047 892 Albutii
1065 831 1125 893 illis
1145 831 1184 894 si·
1306 858 1307 861 ¹

221 935 317 1010 miles,
340 932 453 1007 dequo
473 930 552 1007 apud
572 929 715 989 Senecam
734 922 880 1012 (prooem.
893 931 944 989 lib.
958 923 1035 1012 Vll)
1052 932 1182 1008 legimus

219 1033 286 1090 illa:
314 1047 402 1108 „raro
431 1031 529 1088 totam
551 1029 784 1088 controversiam
807 1030 966 1106 implebat:
994 1048 1053 1089 non
1077 1048 1182 1106 posses

221 1129 319 1188 dicere
338 1126 515 1186 divisionem
535 1145 609 1201 esse,
628 1147 689 1188 non
706 1146 809 1214 posses
826 1127 1087 1188 declamationem:
1105 1132 1182 1187 tam-

221 1247 312 1304 quam
335 1224 546 1285 declamationi
569 1224 699 1284 multum
722 1225 839 1302 deerat,
865 1228 1021 1303 tamquam
1043 1225 1183 1285 divisioni

219 1326 351 1384 multum
368 1318 551 1397 supererat.“
578 1323 664 1383 Alios
679 1343 797 1402 quoque
810 1325 1019 1401 praeceptores
1034 1323 1066 1381 et
1079 1340 1181 1383 omnes

222 1424 303 1482 certe
323 1439 383 1497 eos,
404 1421 456 1496 qui
474 1420 572 1479 minus
591 1419 624 1478 id
642 1420 819 1496 spectabant
837 1424 872 1480 ut
890 1420 1074 1480 delectarent
1092 1437 1183 1496 quem

221 1522 257 1579 ut
271 1519 412 1579 docerent
425 1517 594 1594 discipulos,
615 1519 708 1578 simili
720 1520 836 1578 ratione
850 1518 1084 1579 existimaverim
1098 1517 1181 1577 scho-

220 1619 267 1676 las
291 1635 361 1676 suas
384 1615 534 1675 habuisse.

289 1715 330 1774 Et
349 1712 566 1784 Quintilianum
589 1712 710 1789 quidem
732 1733 792 1774 non
815 1715 905 1773 aliter
926 1710 1117 1773 consuevisse
1140 1711 1183 1770 fa

223 1832 299 1887 cere,
322 1810 435 1888 apertis
459 1811 523 1887 ipse
542 1809 643 1870 verbis
662 1812 784 1887 exponit
802 1803 887 1892 (inst.
902 1830 944 1870 or.
958 1809 998 1886 II,
1015 1812 1043 1883 6,
1059 1801 1183 1892 lsqq.):

225 1909 301 1986 „firit
324 1903 442 1984 etiam“,
470 1908 581 1985 inquit,
609 1909 658 1985 „in
680 1907 737 1968 hoo
760 1908 912 1968 diversum
935 1907 1183 1984 praecipientium

200 2007 208 2022 '
220 2006 423 2084 propositum,
446 2006 527 2082 quod
549 2025 653 2066 eorum
677 2005 798 2083 quidam
821 2005 977 2082 materias,
1000 2023 1074 2081 quas
1098 2005 1184 2064 disci-

221 2105 302 2180 pulis
326 2105 364 2164 ad
387 2103 544 2164 dicendum
568 2104 690 2181 dabant,
712 2121 772 2162 non
795 2102 927 2162 contenti
949 2101 1095 2162 diuisione
1114 2101 1184 2160 diri-

221 2220 293 2276 gere
316 2199 408 2259 latius
432 2199 556 2259 dicendo
579 2199 851 2276 prosequebantur,
879 2217 934 2259 nac
957 2199 1054 2260 solum
1076 2200 1184 2275 proba·

222 2297 355 2356 tionibus
386 2297 566 2374 implebant,
601 2296 654 2355 sed
682 2297 773 2354 etiam
802 2295 979 2358 adfectibus.
1018 2297 1083 2372 alii,
1115 2315 1183 2355 oum

221 2395 335 2470 primas
354 2395 442 2454 modo
460 2395 556 2455 lineas
575 2393 740 2468 duxissent,
762 2395 833 2468 post
851 2393 1091 2470 declamationes,
1110 2393 1182 2469 quid

222 2492 374 2552 omisisset
395 2490 531 2569 quisque,
553 2491 734 2568 tractabant,
758 2492 903 2568 quosdam
925 2510 996 2552 vero
1018 2493 1099 2551 locos
1122 2509 1182 2549 non

222 2591 336 2670 minore
364 2608 449 2664 cura,
475 2607 566 2667 quam
593 2607 661 2650 cum
689 2589 727 2648 ad
750 2587 906 2649 dicendum
933 2588 992 2664 ipsi
1015 2590 1183 2664 surgerent,

223 2687 409 2746 excolebant.
445 2686 521 2747 utile
547 2690 763 2763 utrumqueet
784 2685 852 2744 ideo
875 2686 1045 2744 neutrum
1067 2687 1111 2745 ab
1133 2686 1185 2744 sl-

222 2787 301 2844 tero
331 2802 474 2859 separo:
502 2783 556 2843 sed
584 2784 610 2842 si
637 2784 736 2844 facere
763 2789 883 2846 tantum
907 2787 1036 2846 alterum
1059 2803 1182 2846 necesse

223 2881 278 2956 sit,
302 2881 371 2956 plus
394 2880 530 2956 proderit
552 2881 775 2943 demonstrasse
797 2886 911 2944 rectem
932 2883 1069 2959 protinus
1092 2883 1182 2957 viam,

224 2997 314 3054 quam
345 2996 487 3038 revocare
518 2977 557 3037 ab
588 2997 690 3039 errore
722 2981 783 3041 iam
809 2983 992 3056 lapsos...
1028 2982 1182 3058 utraque

221 3078 342 3134 autem
364 3075 462 3134 ratio
486 3075 670 3136 miscenda
692 3085 760 3153 est,
784 3082 820 3139 et
842 3080 895 3138 ita
912 3078 1119 3155 tractanda,
1143 3082 1184 3138 ut

221 3173 323 3248 ipsae
346 3191 403 3232 res
426 3173 696 3250 postulabunt.“

290 3269 536 3347 Titulus-capitis
556 3272 629 3350 eius,
649 3293 685 3333 ex
703 3293 762 3352 quo
780 3273 880 3350 petita
896 3276 968 3334 sunt
986 3275 1062 3334 haee
1082 3276 1181 3352 verba,

223 3366 255 3425 in
274 3366 426 3426 codicibus
445 3371 504 3428 est:
523 3368 560 3430 de
579 3369 726 3431 divisione
745 3374 776 3432 et
792 3371 1010 3450 parenohiresi3
1029 3389 1183 3448 quaeror

223 3463 298 3522 mihi
322 3464 444 3526 ridetur
465 3466 498 3525 in
520 3487 590 3527 eum
613 3487 734 3530 sensum
757 3469 941 3547 accipienda,
967 3474 1002 3532 ut
1024 3475 1184 3548 praecepta
