2668 3968
235 157 298 222 112
589 153 818 222 QUINTILIANI

295 318 410 386 Omnis
434 318 646 385 abdicationis
670 340 768 384 eausa
792 339 831 383 ex
848 317 966 382 timore
984 321 1041 382 tuo
1064 316 1193 400 pendet.

231 412 263 481 et
287 412 336 472 est
359 408 489 492 quidem
512 407 609 487 istud
624 407 843 473 inconsultum
866 409 898 472 et
917 405 980 472 sibi
998 426 1194 491 repugnans,

231 496 376 562 abdicari
399 497 502 561 filium
525 495 729 580 indulgentia
747 495 852 581 patris
871 497 904 560 et
922 493 1065 579 aliquem
1085 515 1192 560 carere

230 585 341 650 liberie
369 585 521 651 orbitatis
549 588 645 650 metu.
691 605 803 649 verum
833 583 917 670 hanc
940 602 1067 668 quoque
1091 583 1192 648 detra·

196 673 308 740 there
331 674 393 739 tibi
416 672 669 740 sollicitudinem
691 673 775 738 volo.
815 670 897 737 Erat
918 671 1013 755 illud,
1037 672 1122 756 quod
1147 673 1193 753 [a]

230 763 319 829 bono
353 764 443 848 petri
474 767 507 828 et
535 784 554 826 a
580 763 636 847 pio
662 761 782 844 ¹<fiiio>
811 760 873 826 dici
905 763 1028 845 posset:
1065 760 1196 826 etiamsi

231 851 449 935 periculosum
474 851 525 934 sit,
547 849 634 915 tanti
658 854 707 915 est
729 849 820 915 mihi.
852 871 919 914 non
941 854 1010 914 tam
1033 870 1085 914 me
1108 849 1196 914 ducit

233 940 339 1023 gloria
375 939 541 1024 militaris,
577 961 636 1004 nee
669 938 759 1004 fama
793 938 958 1003 victoriae.
1012 936 1197 1003 vindicandi

233 1027 314 1092 mihi
341 1027 460 1093 fratres
487 1032 571 1093 sunt.
618 1050 660 1093 an
687 1047 761 1112 ego,
790 1027 845 1112 qui
874 1027 971 1110 paulo
1001 1028 1076 1091 ente
1106 1048 1197 1091 arma

181 1132 214 1183 10
233 1114 398 1201 (ignoscat
411 1116 526 1200 patria,
539 1115 712 1201 ignoscant
724 1113 830 1202 leges)
849 1116 974 1181 minore
994 1119 1197 1180 sacramento

232 1205 296 1269 tuli
323 1207 355 1270 et
384 1208 497 1270 eontra
523 1205 635 1283 hostes
664 1206 732 1270 sine
755 1208 905 1288 respectu
927 1203 993 1269 mei
1017 1203 1197 1289 sanguinis·

233 1315 295 1378 que
323 1294 483 1379 pugnavi,
511 1293 568 1360 ubi
591 1289 672 1358 mibi
696 1292 880 1359 vindicandi
903 1295 979 1358 sunt
1000 1291 1136 1376 fratres,
1164 1297 1198 1358 et

234 1382 297 1447 duo
319 1381 447 1467 fratres,
469 1404 536 1448 non
558 1382 734 1468 pugnabo?
757 1404 824 1447 non
847 1381 899 1447 vel
918 1381 1091 1446 discrimen
1109 1381 1196 1446 vitae

234 1470 384 1558 subibo?¹
411 1491 472 1556 ego
500 1471 696 1538 accederem*
711 1473 768 1536 tuo
797 1470 948 1555 consilio,
977 1471 1005 1535 si
1038 1470 1198 1536 timerem.

183 1573 215 1623 15
235 1557 298 1624 Sed
321 1559 426 1624 multa
449 1563 538 1640 eunt,
569 1581 651 1645 quae
675 1581 726 1625 me
749 1559 873 1624 faciant
895 1558 1075 1626 fortiorem.
1121 1563 1198 1624 ante

235 1648 359 1732 omnia,
387 1647 589 1713 adversarius
613 1648 679 1714 iam
702 1648 862 1734 fatigatus
886 1651 948 1712 est:
977 1647 1099 1733 cogita,
1123 1669 1200 1732 quo·

234 1735 320 1801 tiens
342 1737 546 1822 pugnaverit.
587 1759 654 1802 non
677 1736 762 1821 dico,
796 1736 873 1820 quid
904 1735 1041 1802 fecerint
1072 1736 1199 1802 hostes:

235 1845 302 1889 non
336 1825 539 1909 inde<fensi>
563 1826 748 1892 ceciderunt
770 1824 889 1890 fratres
913 1825 986 1890 mei.
1029 1825 1200 1891 fortiorem

235 1933 287 1976 me
319 1912 418 1979 faciet
444 1914 560 1980 melior
587 1913 798 1998 conscientia,
834 1913 1002 1979 fortiorem
1037 1914 1135 1978 faciet
1167 1918 1202 1979 et

182 2016 217 2067 20
237 2022 335 2066 causa
361 2023 500 2087 pugnae.
540 2003 596 2068 ille
627 2025 687 2087 pro
719 2003 865 2087 praemio
901 2006 1104 2088 pugnaturus
1141 2008 1201 2088 est,

236 2090 322 2175 quod
354 2090 421 2157 iam
453 2092 505 2158 bis
538 2092 676 2176 accepitt
709 2111 770 2176 ego
803 2096 1004 2176 pugnaturus
1038 2113 1109 2156 sum
1138 2113 1199 2174 pro

235 2178 408 2264 fratribus,
429 2201 489 2266 pro
513 2180 645 2264 pietate.
689 2179 858 2245 fortiorem
881 2201 933 2244 me
956 2179 1055 2245 faciet
1078 2183 1110 2244 et
1132 2179 1201 2245 for·

235 2270 324 2334 tuna.
366 2269 450 2334 solet
472 2268 619 2352 fatigari:
644 2269 736 2352 solet,
758 2273 972 2354 posteaquam
994 2268 1130 2334 nimium
1153 2269 1202 2332 in·
1327 2285 1328 2326 1

237 2355 349 2441 dulsit,
376 2357 411 2421 in
438 2358 500 2423 fine
529 2357 672 2424 deficere.
726 2357 807 2423 facit
830 2379 882 2422 me
904 2356 1075 2423 fortiorem
1099 2357 1199 2422 etiam

184 2458 218 2508 25
238 2467 315 2509 usus
339 2445 483 2530 quidam:
513 2452 714 2531 pugnantem
736 2446 829 2511 illum
853 2446 980 2530 saepius
1003 2445 1079 2510 vidi.
1122 2445 1199 2529 scio,

238 2533 316 2618 quid
342 2535 521 2600 maximum
547 2534 684 2601 fratrem
711 2557 820 2600 meum
846 2533 1012 2618 fefellerit3
1040 2533 1201 2618 quomodo

238 2623 276 2706 is,
299 2623 354 2706 qui
378 2624 517 2690 secundo
540 2624 611 2689 loeo
636 2624 817 2709 pugnabat,
847 2623 998 2708 deceptus
1023 2623 1075 2687 sit.
1116 2621 1203 2686 Illud
1327 2687 1328 2692 ,

240 2713 349 2775 autem
385 2713 459 2795 plus
497 2734 595 2796 quam
632 2712 861 2778 verecundum>
884 2715 917 2776 et
949 2709 1203 2776 erubescendum

238 2799 333 2863 nobie
358 2802 422 2863 est:
450 2821 576 2885 pauper
602 2820 749 2885 pugnare
771 2800 875 2866 filium
899 2821 993 2865 suum
1015 2821 1082 2864 non
1105 2800 1203 2864 vetat.

311 3013 328 3062 2
348 3008 389 3080 et]
410 3009 454 3064 est
471 3013 501 3076 Β,
520 3025 581 3075 om„
599 3015 624 3064 et
641 3010 756 3078 fortasse
770 3016 847 3077 recte,
865 3013 907 3082 ΡΙΙ
922 3015 937 3064 3
956 3007 1087 3064 abdicare
1105 3012 1150 3062 Bc
1164 3011 1204 3079 115

240 3077 294 3133 tibi
317 3079 463 3134 detrahere
483 3086 501 3133 0
528 3081 538 3150 ΙΙ
565 3081 640 3150 quod
663 3099 681 3136 a
702 3082 776 3136 bono
798 3083 879 3150 patre
898 3082 928 3136 et
945 3095 963 3133 a
980 3077 1028 3148 pio
1048 3078 1104 3134 dici
1122 3084 1204 3148 ABG,
1325 3107 1326 3154 f

240 3166 308 3206 corr.
321 3149 378 3206 Obr
391 3153 400 3221 {t
416 3156 449 3206 10
467 3152 588 3207 minores
602 3156 649 3206 Bc
663 3153 672 3222 t!
687 3159 719 3206 11
739 3167 802 3207 meo
817 3156 863 3205 Δῦ
877 3154 886 3223 i
902 3157 934 3206 1‘1
952 3149 1130 3221 pugnaverit.
1148 3168 1206 3206 non
1325 3181 1326 3188 κ

240 3221 267 3275 d.
286 3239 332 3290 qu.
354 3220 470 3276 fecerim
492 3223 523 3276 in
545 3224 653 3278 hostes:
680 3241 707 3278 n.
730 3223 794 3276 inde
814 3240 837 3278 o.
856 3223 874 3276 f.
894 3239 930 3279 m.
950 3221 991 3276 Gr
1018 3221 1026 3290 ΙΙ
1056 3227 1088 3276 18
1107 3219 1206 3276 *inde-

240 3289 363 3363 (fenei)‚
381 3292 486 3364 inpune
504 3294 570 3349 Rau
587 3294 645 3363 {119
664 3293 764 3348 melior
782 3310 805 3347 c.
823 3292 843 3347 f.
862 3311 898 3347 m.
917 3291 1004 3348 faciet
1020 3307 1071 3347 om.
1089 3295 1206 3416 13οΜ20

241 3362 271 3416 et
288 3369 376 3417 onec
399 3365 408 3432 fl
431 3369 465 3418 22
484 3365 657 3435 proprietate
675 3368 727 3432 Aa,
746 3363 951 3434 proprietatem
968 3366 989 3414 B
1009 3364 1018 3433 ΙΙ
1038 3367 1071 3416 25
1091 3363 1139 3431 qui
1161 3380 1206 3420 em

241 3435 312 3486 ΔΜ
326 3435 335 3503 ΙΙ
349 3438 383 3489 26
402 3451 495 3488 meum
515 3450 565 3490 orn.
583 3435 627 3502 ΒΙΙ
642 3441 675 3489 27
694 3451 788 3490 secum
807 3433 872 3490 dolo
892 3451 956 3488 cum
973 3451 1000 3503 p.
1019 3437 1040 3485 B

1325 139 1328 254 i
