2668 3968
391 139 710 196 unonnnnmonns
729 139 896 196 conxurx.
1061 139 1125 206 135

161 307 308 390 dignum,
331 305 417 390 quod
440 305 541 370 telem
564 304 626 369 tibi
648 305 752 369 filium
775 304 859 370 feei?
896 302 959 370 Sed
976 305 1056 370 haec
1075 308 1126 371 ut

160 409 300 479 cumque
318 394 567 481 videripossint
584 393 784 459 tolerabilia:
807 394 864 458 illc
883 397 1039 482 ternpore,
1060 416 1125 479 quo
1179 429 1181 435 2

162 484 333 568 pugnabat
355 482 441 548 filius
459 485 571 548 noster
588 481 772 567 (vindicabo
793 483 878 548 enim
897 483 978 548 mibi
998 503 1126 570 semper

160 573 226 640 boc
248 594 378 656 nomen,
399 594 503 658 neque
528 594 548 636 a
570 571 735 636 beneficiis
758 572 840 636 meis
864 571 1040 656 appellatio
1060 573 1125 637 ista

163 659 335 746 discedet),
368 662 472 746 qualis
504 667 638 746 uterque
670 663 819 726 nostrum
852 660 937 726 fuit?
968 683 1036 726 non
1063 675 1161 746 egon

164 751 323 816 sollicitus
347 750 386 815 de
405 750 507 815 muris
527 747 690 836 pependi?
716 771 783 815 non
801 769 862 834 ego
882 771 994 814 omnes
1013 750 1123 834 excepi

161 841 205 906 ab
231 840 300 904 acie
323 839 515 905 redeuntes?
545 860 612 903 non
633 839 765 904 nuntios
789 838 948 904 sollicitus
972 837 1123 923 captari?

165 933 200 994 at
218 932 256 993 tu
275 950 406 994 securus
421 949 502 1011 eras,
516 931 684 1012 tamquam
703 927 747 1011 id,
766 927 851 1013 quod
869 927 1029 1012 volueras,
1050 949 1124 994 oum

160 1038 355 1102 exponeres,
378 1017 578 1102 contigisset.
615 1037 684 1102 age,
706 1017 870 1082 redeuntis
892 1017 1028 1082 vulnera
1050 1017 1124 1101 quis
1178 1075 1180 1083 r

163 1105 337 1192 religavit?
372 1107 564 1192 sanguinem
588 1105 659 1191 quis
684 1105 809 1172 abluit?
842 1105 883 1170 ed
905 1105 1028 1191 templu
1051 1104 1123 1191 quis
1144 1120 1184 1178 ro„

159 1195 278 1260 duxit?
320 1195 391 1280 quis
424 1195 607 1281 gratulatus
641 1194 713 1260 est‘l
755 1193 922 1259 sciebasne
955 1195 1021 1259 iam
1053 1199 1124 1260 tum

164 1305 234 1350 esse
262 1283 406 1350 officium
432 1287 538 1367 tuum,
566 1305 607 1348 an
636 1283 799 1349 confiteris
828 1282 869 1348 ad
899 1287 931 1348 te
954 1282 1035 1348 baec
1057 1303 1125 1348 non

162 1372 380 1456 pertinuisse?
426 1371 609 1438 dissimules
637 1371 727 1456 licet,
759 1375 793 1436 et
823 1371 973 1437 videatur
1000 1371 1124 1456 alioqui

161 1461 225 1528 hoo
252 1466 366 1527 contra
393 1483 524 1526 oausam
552 1482 673 1525 meam:
706 1460 845 1543 sciebas,
878 1463 911 1524 et
936 1459 1030 1524 illum
1054 1481 1124 1525 esse

161 1550 249 1633 apud
275 1572 328 1616 me
354 1572 469 1634 passus
499 1572 542 1615 es.
587 1549 668 1614 heeo
697 1549 807 1614 decem
837 1547 1178 1633 miliuagnoviati.1o

161 1660 227 1705 non
250 1644 282 1704 te
306 1642 479 1705 moverunt
497 1639 587 1703 tituli
606 1635 832 1722 adulescentis,
854 1660 922 1704 non
939 1637 998 1703 illa
1017 1637 1124 1724 gloria

161 1728 202 1793 de
235 1729 354 1794 eximia
384 1727 519 1810 virtute,
551 1749 649 1812 quum
681 1747 743 1812 ego
772 1746 1011 1812 praeceperam.
1061 1725 1125 1792 hac

160 1816 280 1883 fiducia
298 1817 454 1882 alimenta
473 1816 616 1900 solvisti,
639 1819 808 1901 computas
827 1837 963 1900 mecum,
980 1820 1018 1881 ut
1032 1815 1123 1880 solus

159 1905 308 2058 purnium
326 1905 516 1971 mortalium
534 1907 567 1970 et
580 1904 764 1989 expositum
777 1906 935 1990 receperis
950 1908 983 1971 et
997 1905 1123 1970 lucrum

175 2016 285 2059 eoerrs.
1140 2006 1176 2058 ao

537 2153 762 2239 ocimu.
902 2267 904 2272 ι

355 2283 374 2318 ⁰
410 2294 518 2362 Dives
541 2295 694 2378 speciosi
717 2294 872 2362 adulter.

156 2418 384 2486 ‘Anmrunun
407 2438 477 2486 nur
502 2437 677 2486 occlusae
699 2437 768 2485 nur
792 2437 950 2486 accurre
973 2435 1124 2494 rnoumn

251 2528 448 2575 nrnrrruun
472 2527 610 2576 nrcnsr.
654 2508 754 2573 Dives
777 2529 962 2593 pauperem,
984 2508 1123 2592 speciosi

250 2603 391 2684 patrem,
419 2599 457 2663 de
485 2601 598 2684 stupro
622 2596 684 2662 filii
711 2597 901 2683 appellavit,
933 2595 989 2661 ille
1012 2596 1124 2660 tacuit
1142 2608 1180 2660 ao

255 2689 373 2752 iterum
404 2688 531 2753 adiecta
553 2686 690 2771 pecunia
713 2685 904 2771 appellavit3
932 2683 988 2748 ille
1010 2683 1125 2748 tacuit.

253 2777 350 2842 tertio
366 2777 549 2863 appellatus
565 2797 699 2841 uxorem
708 2774 776 2839 filio
787 2771 1124 2857 dedit.'puerdivitem

251 2888 324 2931 cum
350 2887 450 2931 uxore
479 2887 538 2930 sua
565 2863 799 2948 deprehensum
831 2865 963 2947 accepta
985 2861 1142 2946 pecunia¹

251 2953 383 3020 dimisit.
408 2953 576 3019 abdicatur
599 2973 619 3018 a
641 2957 742 3038 patre.

234 3170 248 3218 1
268 3165 418 3234 utrumque
437 3167 543 3217 Ale-r
560 3164 570 3232 ΙΙ
589 3169 605 3218 6
624 3161 714 3217 omnis
731 3165 752 3214 B
772 3162 783 3231 l
802 3161 900 3230 accepi
917 3164 937 3213 P
954 3160 964 3230 ιΙ
983 3166 998 3214 7
1019 3159 1125 3230 captivi

157 3239 201 3288 Αι
218 3237 228 3306 ΙΙ
247 3241 279 3290 11
298 3237 379 3301 tirum
398 3240 427 3300 B,
446 3235 565 3289 tuum!
587 3233 597 3302 l
622 3238 654 3286 12
673 3230 786 3305 (illud)
805 3233 881 3302 (hoc)
901 3247 962 3286 esse
981 3229 1027 3286 off.
1046 3233 1067 3288 t.
1087 3230 1125 3302 (ἓ)

158 3306 204 3361 Ro
226 3308 236 3378 l
258 3307 340 3379 haec]
360 3307 436 3360 haB
460 3307 469 3378 ll
493 3311 526 3359 13
545 3303 673 3374 alioquid
691 3308 732 3356 Aa
753 3305 763 3374 11
789 3309 821 3357 19
841 3306 922 3358 mort.
942 3319 1004 3372 exp.
1022 3305 1043 3355 Ι
1089 3307 1124 3358 21

156 3393 321 3451 cenxmn
339 3395 383 3465 nn
397 3401 432 3450 24
450 3394 559 3450 noar
