2640 3968
514 127 731 186 PRAEFATIO.
1078 127 1102 184 V

140 281 348 360 significentur
376 281 415 341 ad
443 281 601 342 tractanda
627 281 762 341 themata
791 279 913 340 uberius
941 280 1104 358 proposita,

140 398 219 456 quae
242 381 398 456 tamquam
416 378 538 439 admota
555 396 646 438 manu
665 377 819 455 discipulis
837 378 918 440 viam
936 379 1105 438 monstrent

140 481 172 537 et
186 477 256 553 plus
270 495 361 553 quam
375 476 456 535 nuda
470 475 523 536 illa
537 475 644 536 divisio
659 475 896 537 subministrent.
924 476 1031 553 Itaque
1045 494 1105 536 non

141 573 274 636 alienum
301 573 459 634 videamur
486 575 598 648 facere,
629 573 656 634 si
683 573 885 635 divisiones
914 579 950 634 et
976 591 1105 650 paren·

142 671 308 733 chireses
341 670 580 732 inscriberemus.
627 670 767 730 Ceterum
798 672 892 734 fuisse
921 673 999 732 libro
1026 672 1104 730 hrrnc

142 769 269 830 titulum
291 788 351 830 non
374 769 587 845 contenderim,
610 769 789 844 praesertim
813 789 880 830 cum
902 769 949 830 illi
972 767 1104 846 capitum

141 865 224 926 tituli
253 865 471 926 dubitationem
499 865 632 926 habeant
659 869 691 926 et
718 868 757 927 ab
781 866 901 928 Halmio
925 885 941 929 e
964 867 1106 929 contextu

114 965 304 1025 =verborum
327 965 360 1024 in
382 967 561 1042 apparatum
584 957 838 1048 removeantur.*)

211 1069 310 1148 Magis
333 1069 488 1148 probabile
511 1071 600 1150 illud,
630 1075 666 1132 ut
688 1072 780 1132 artis
804 1071 1011 1134 rhetoricae
1034 1070 1105 1130 titu-

141 1168 204 1228 lum
234 1167 346 1228 demus.
393 1165 488 1238 Quam
522 1167 601 1228 enim
635 1168 706 1230 olim
737 1170 891 1247 professus
925 1167 1106 1231 sententiam

142 1285 210 1326 sum
234 1259 366 1348 (quintil.
386 1265 526 1343 Daciam,
545 1286 573 1343 p.
589 1267 652 1326 255
668 1259 741 1349 eq.):
764 1269 850 1329 cuius
869 1269 916 1328 hio
935 1267 1107 1343 fragmenta

141 1368 309 1426 tractamus
332 1363 445 1424 librum
465 1381 530 1423 esse
550 1363 677 1424 eundem
696 1365 782 1424 illum
802 1367 853 1444 qui
872 1367 1057 1426 memoratur
1075 1361 1106 1420 in

142 1462 211 1525 inst.
231 1481 274 1522 or.
295 1461 310 1520 1
329 1481 373 1537 pr.
394 1464 412 1523 7
417 1462 489 1540 -8,
510 1461 597 1522 hodie
617 1480 735 1540 quoque
754 1465 850 1524 teneo.
888 1463 930 1523 At
948 1465 1106 1522 tamenne

143 1557 187 1620 ita
207 1557 330 1636 quidem
349 1545 573 1635 inscriptum’ei
591 1559 684 1620 fuisse
703 1559 800 1620 ausim
818 1579 873 1637 pro
892 1561 973 1622 certo
988 1577 1106 1636 ponere.

144 1656 252 1734 Itaque
275 1675 313 1718 ne
336 1659 450 1718 temere
469 1659 501 1716 et
519 1657 616 1718 obiter
635 1657 739 1718 videar
758 1677 834 1735 quae
853 1657 949 1719 adhuc
967 1657 1106 1734 placuere

141 1757 334 1832 aspernatus,
362 1773 422 1814 non
450 1757 534 1817 muto
562 1774 651 1832 quem
678 1754 794 1832 priores
823 1755 970 1816 editiones
993 1755 1107 1816 habent

142 1851 266 1912 titulum
292 1851 607 1914 declamationum:
631 1855 752 1914 maneat
774 1853 825 1913 ille
850 1853 981 1932 quidem3
1002 1853 1054 1915 sed
1074 1854 1106 1914 id

142 1949 212 2024 plus
246 1968 337 2028 quam
370 1969 589 2028 supervacuum
620 1955 655 2012 ut
682 1950 829 2012 adiciatur
857 1944 1028 2013 ‘minorum’
1056 1952 1106 2012 vel

141 2039 231 2124 ‘quae
260 2042 429 2124 putantur'.
475 2049 571 2110 Docui
594 2051 673 2110 enim
696 2047 728 2110 et
752 2044 1013 2130 demonstravi**)
1038 2067 1105 2110 esse

141 2143 215 2204 haec
239 2142 456 2222 Quintilianea,
481 2147 610 2209 alterurn
633 2147 708 2208 illud
731 2165 838 2224 corpus
860 2147 1008 2208 maiorum
1031 2164 1104 2224 quas

142 2241 283 2304 dicebant
314 2241 567 2306 declamationum
598 2245 676 2305 falso
705 2242 882 2316 Quintiliani
908 2243 1027 2304 nomine
1054 2233 1129 2322 ap·'

142 2338 258 2417 pellari.

144 2479 155 2484 -
189 2479 357 2488 --=--·-—-—

213 2550 238 2614 ¹¹)
259 2546 340 2602 Licet
362 2547 457 2602 tamen
480 2563 536 2604 non
560 2547 616 2603 rint
639 2548 675 2604 ab
699 2547 762 2618 ipro
782 2545 955 2612 Quintiliano
979 2548 1104 2618 praefixi,

143 2617 179 2672 ad
197 2617 414 2688 grammaticum
434 2619 508 2674 certe
526 2619 619 2674 nescio
638 2634 719 2686 quem
740 2618 894 2690 pertinent,
912 2634 1003 2688 neque
1022 2617 1104 2676 intel·

143 2687 238 2759 legere
257 2705 372 2760 possum
390 2687 464 2746 unde
487 2691 556 2746 nata
574 2690 610 2745 eit
628 2688 680 2744 illa
697 2687 924 2758 perenchircseos
943 2705 1010 2758 vox,
1033 2707 1104 2772 quae

142 2759 229 2814 semel
257 2758 327 2815 alibi
354 2759 441 2843 (apud
470 2758 643 2832 Ciceronem)
671 2761 782 2844 legatur
811 2775 873 2816 cnm
900 2760 1104 2832 significatione

142 2845 257 2900 prorsus
276 2830 341 2900 alie,
360 2830 414 2886 nni
433 2831 538 2886 usitata
556 2831 749 2902 grammaticis
768 2830 829 2886 fuit.

197 2917 241 2988 ”l
260 2917 363 2975 Docuit
386 2920 480 2990 potins
504 2923 534 2975 et
557 2919 626 2975 satis
644 2921 767 2978 dilucide
786 2919 929 2989 omnibns,
954 2921 1000 2990 qui
1020 2923 1104 2978 modo

143 2989 233 3046 velint
250 2990 432 3061 perpendere,
452 2991 581 3060 exposuit
599 2992 628 3046 in
647 3007 697 3046 sua
715 2989 839 3048 editione
858 2991 1007 3062 Aerodiur3
1033 3009 1105 3064 quae

143 3061 252 3132 egregii
270 3061 324 3118 viri
343 3061 482 3118 sententia
500 3064 533 3117 ut
550 3062 664 3119 caderet
680 3063 709 3118 in
724 3061 895 3118 oblivionem
909 3063 975 3118 inde
989 3063 1104 3134 iactum,

143 3131 219 3202 quod
237 3131 297 3188 eius
315 3131 412 3200 editio,
431 3150 494 3188 eum
513 3132 574 3190 sola
591 3134 751 3188 Parmensis
770 3133 939 3190 auctoritate
957 3134 1103 3204 niteretur,

142 3203 209 3274 poet
231 3203 378 3276 vulgatam
401 3203 527 3260 codicem
550 3204 826 3274 Montcpesculannm
845 3203 890 3272 (Α)
914 3221 970 3260 non
994 3206 1106 3275 poterat

91 3301 93 3308 ι
142 3274 219 3330 ultra
241 3289 305 3330 cum
328 3275 429 3330 ceteris
453 3275 629 3332 contendere.
667 3275 730 3346 Ipsa
749 3274 905 3344 conquisivi
923 3275 1038 3332 Aarodii
1061 3293 1105 3332 ar·

144 3347 280 3470 {omenta
293 3347 323 3401 et
337 3345 499 3403 confirmari
512 3351 593 3404 tanta
607 3345 718 3402 adiecta
734 3345 815 3414 mole,
835 3347 868 3402 ut
881 3363 1043 3418 persuasum
1056 3348 1105 3403 ha·

167 3431 229 3472 eam
249 3433 305 3472 non
325 3416 425 3472 iterum
444 3417 504 3474 lore
523 3419 555 3474 ut
573 3418 766 3490 neglegantur.
