2640 3968
219 169 272 226 XX
591 163 807 223 PRAEFATIO.

219 322 306 399 genis
328 321 490 394 Portensis,
513 319 552 379 ad
574 337 664 396 quem
685 319 762 378 falso
785 319 895 378 missus
918 322 985 379 erat
1007 318 1127 379 libellus
1151 321 1183 378 et

218 421 318 496 ipsum
340 417 586 495 Lugdunensem,
609 416 710 477 ullam.

286 515 461 592 Praeterea,
485 514 511 576 si
533 518 633 574 certus
653 516 758 574 auctor
777 515 825 574 est
839 513 953 590 Caspar
965 515 1109 574 Barthius
1128 504 1183 596 (ad
1238 535 1239 540 ¹

220 615 293 691 Pap.
318 613 396 674 Stat.
419 612 512 672 Theb.
537 611 593 688 IX,
619 612 680 672 169
705 629 774 688 pag.
799 606 887 693 96s'l)
918 611 1027 689 „etiam
1051 613 1182 673 Basilius

219 711 319 772 Faber
346 703 554 791 (1520-76)
586 709 638 786 qui
670 709 880 770 scholasticum
912 710 1027 771 lexicon
1061 710 1183 771 Latino-

225 811 435 871 Germanicum
454 809 588 885 scripsit,
606 826 637 867 sa
652 807 767 883 aliquot
785 811 925 868 centenas
940 807 1117 879 Quintiliani
1135 809 1186 869 de·

220 908 413 968 clamationes
427 906 570 966 habuisse
590 923 701 983 easque
715 901 845 983 Oporino
864 907 1051 966 excudendas
1066 906 1183 967 dedisse

221 1005 325 1066 scribit
347 1005 378 1064 in
402 997 458 1074 Qui
485 999 803 1081 commemoratione“;
836 1022 926 1080 quam
952 1005 985 1063 in
1011 1005 1104 1065 lexico
1129 1005 1183 1065 illo

220 1121 280 1164 non
302 1103 429 1163 invenio.
466 1101 551 1160 Libri
574 1120 613 1160 an
636 1120 727 1160 manu
751 1101 854 1178 scripti
877 1102 997 1175 fuerint,
1023 1103 1184 1162 admodum

220 1201 382 1277 incertum3
406 1199 497 1259 editio
521 1196 645 1275 Oporini
667 1199 752 1258 nulla
774 1200 881 1260 exstat

226 1349 230 1359 ,
288 1298 424 1375 Denique
447 1297 602 1357 Latinium
625 1287 816 1378 (1513—93
862 1289 875 1376 )
895 1297 926 1356 in
944 1297 1023 1357 notis
1044 1298 1183 1359 editionis

222 1395 464 1457 Burmannianae
478 1399 526 1455 ter
545 1388 587 1475 (p.
602 1397 676 1469 438,
695 1396 760 1454 439
780 1387 842 1475 bis)
869 1393 998 1470 legimus
1017 1415 1072 1472 „ex
1090 1391 1185 1456 Mss“

222 1494 336 1570 aliquid
358 1493 534 1571 protulisse,
557 1492 638 1569 quod
659 1491 817 1568 paululum
840 1491 967 1552 discedit
988 1512 1007 1554 a
1025 1495 1133 1554 codicis
1148 1494 1184 1572 A,

156 1628 161 1636 -
222 1591 253 1651 in
271 1610 329 1666 quo
345 1591 408 1650 solo
422 1590 454 1649 hi
468 1591 505 1649 de
519 1591 628 1666 quibus
642 1588 794 1666 loquimur
808 1579 1007 1665 loci'exstant,
1028 1592 1184 1668 scriptura.

223 1687 283 1750 Sed
305 1706 438 1748 errorem
460 1687 592 1764 aliquem
619 1679 699 1763 puto
721 1686 845 1746 subesse
871 1705 926 1746 nec
953 1706 989 1746 ex
1016 1707 1100 1764 msa,
1132 1690 1186 1749 sed

223 1789 260 1846 ex
284 1803 316 1846 se
340 1785 440 1862 potius
463 1785 617 1845 Latinium
640 1783 785 1843 hausisse.
822 1775 873 1860 (ln
889 1784 1185 1860 „lucubrationibus“

223 1885 301 1960 eius,
325 1883 415 1942 editis
438 1884 550 1960 Romae
580 1883 680 1958 1659,
706 1879 782 1940 nibil
804 1880 895 1956 inest,
924 1883 1003 1957 quod
1027 1883 1067 1942 ad
1089 1882 1186 1946 decla-

224 1981 370 2041 mationes
395 1979 574 2050 Quintiliani
596 1971 767 2056 pertineat).

312 2079 432 2152 Restat,
464 2079 500 2136 ut
530 2079 690 2153 postquam
717 2073 771 2133 Bc
800 2075 947 2137 librorum
978 2079 1059 2139 inter
1090 2097 1121 2140 se
1155 2085 1186 2141 et

99 2229 105 2254 ,
225 2196 293 2236 oum
316 2176 359 2235 eis
380 2176 432 2251 qui
445 2174 593 2250 deperditi
610 2176 816 2232 memorantur
833 2173 984 2236 codicibus
1003 2178 1185 2239 coniunctio·

225 2372 324 2430 locum
351 2371 383 2427 et
409 2369 532 2444 plenum
558 2368 740 2428 constituere
767 2387 909 2429 conemur
935 2371 1069 2434 codicum
1099 2375 1186 2450 quasi

224 2470 360 2526 stemma

290 2562 348 2624 Est
366 2565 467 2622 autem
485 2562 515 2621 A
532 2582 591 2624 non
609 2563 696 2624 modo
715 2565 832 2640 plenior
849 2585 939 2643 quam
958 2567 1012 2642 B,C
1032 2572 1063 2628 et
1077 2587 1186 2631 novem

225 2659 490 2720 declamationibus
517 2659 645 2737 auctior,
673 2661 844 2723 sedetiam
872 2663 1038 2739 scripturae
1060 2667 1092 2728 in
1119 2669 1186 2728 uni-

224 2775 344 2820 versum
366 2756 447 2816 baud
471 2755 559 2817 dubie
581 2757 718 2833 potioris.
740 2756 886 2836 ,Propius
908 2760 1016 2840 igitur,
1036 2770 1186 2842 quantum

224 2854 296 2915 licet
330 2853 521 2930 intellegere,
558 2855 644 2914 abest
676 2855 714 2916 ab
745 2856 798 2916 illo
822 2857 985 2933 exemplari
1013 2862 1186 2942 archetypo,

225 2952 305 3028 quod
337 2951 421 3028 signo
449 2949 465 3009 Ι
492 2951 567 3011 libet
594 2956 708 3015 notare.
758 2953 862 3014 Litora
884 2977 904 3014 a
924 2960 1063 3019 notamus
1088 2977 1185 3020 exem-

224 3050 291 3126 plar
322 3048 409 3126 illud,
447 3067 483 3108 ex
515 3071 573 3127 quo
609 3049 695 3112 fluxit
719 3052 761 3130 A;
789 3053 868 3130 quod
900 3057 1093 3132 cognovimus
1137 3059 1185 3118 X⁰

225 3151 315 3208 saec.0
351 3146 445 3206 iuuisse
467 3148 653 3224 mutilatum,
676 3150 833 3227 deperdita
852 3155 939 3228 parte
957 3153 1055 3228 priore
1079 3161 1109 3217 et
1126 3162 1187 3234 pri·

224 3245 281 3304 mis
309 3244 442 3322 paginis,
471 3264 598 3324 quarum
620 3246 740 3308 initium
763 3252 830 3308 erat
851 3265 870 3306 a
892 3249 965 3309 decl.
990 3253 1054 3311 244
1078 3257 1185 3334 media,

133 3337 134 3340 ’
224 3341 384 3401 manifesto
417 3342 478 3422 situ
510 3345 658 3422 corruptis
691 3345 856 3420 deletisque
888 3346 927 3404 ad
959 3347 1092 3424 aliquam
1118 3373 1187 3430 par.

225 3441 287 3499 tem
311 3458 414 3499 earum
434 3441 540 3503 literis.
576 3441 787 3504 Controversia
808 3444 909 3518 potest
926 3447 1041 3505 moveri
1064 3449 1101 3510 de
1124 3452 1176 3514 illo

1179 3502 1308 3905 'l

223 2291 293 2333 nem
314 2271 548 2347 illustravimus,
574 2268 652 2328 libro
679 2268 848 2347 aquaque
876 2272 936 2332 iam
963 2275 1068 2336 demus
1098 2295 1185 2336 suum
1287 2286 1317 2306 '¹

1314 2451 1316 2580 1

1309 2595 1315 2892 4
