2670 3962
382 137 700 195 DECLAMATIONES.
729 138 855 195 cccvss.
1026 139 1090 205 207

128 322 189 385 per
210 303 375 366 tormenta
397 301 505 385 potius
529 304 746 385 quaereretur.
781 302 836 367 sed
859 307 1018 386 quatenus
1036 326 1091 369 ne-

130 389 235 474 quitia
258 389 427 455 obviatum
452 393 501 456 est
520 390 594 474 legi,
617 390 779 474 reliquum
803 393 861 475 est,
883 395 920 456 ut
942 392 994 458 hic
1015 414 1090 458 reus

130 478 182 543 sit,
228 499 266 542 ac
293 478 435 562 primum
469 479 614 544 omnium
641 499 726 562 nego
760 479 832 544 fieri
863 480 1023 564 potuisse,
1054 485 1091 546 ut

129 565 281 650 proditor
304 567 451 644 conscios
474 589 540 633 non
559 567 704 633 heberet.
736 567 907 632 intuemini
929 572 1091 654 naturam,

128 655 303 720 intuemini
320 655 577 741 magnitudinem
597 657 735 721 sceleris.
770 656 905 740 prodere
924 657 1089 741 populum,
1108 673 1124 723 o

129 743 309 826 civitatem,
338 744 526 828 exercitum,
553 766 619 810 non
644 747 694 810 est
716 745 820 810 unius.
865 744 900 808 in
923 745 985 810 hoc
1008 745 1090 810 mihi

129 853 197 898 non
221 837 271 897 est
287 832 511 898 laborandum.
546 854 622 898 nam
640 833 701 917 lex,
726 855 807 917 quae
825 834 970 917 torqueri
987 834 1089 918 iubet,

128 919 232 985 donec
260 922 406 986 conscios
429 921 562 1005 indicet,
590 942 657 986 non
678 922 808 987 dubitet
831 923 979 988 conscios
1009 944 1089 989 esse.

127 1008 211 1074 vidit
234 1009 330 1089 enim,
354 1014 479 1094 quanta
502 1013 588 1076 esset
607 1011 694 1075 inter
713 1032 748 1075 so
767 1010 1003 1095 quodammodo
1023 1033 1088 1077 sce

126 1097 305 1163 leratorum
328 1097 418 1182 fides,
445 1098 598 1183 quamdiu
620 1101 773 1164 tacerent.
820 1099 931 1184 itaque
953 1122 1020 1166 non
1042 1101 1089 1165 sic
1109 1117 1142 1165 10

128 1186 288 1270 scriptum
320 1190 370 1251 est
404 1185 610 1271 »proditor
641 1189 865 1271 torqueatur«,
899 1188 955 1253 sed
987 1193 1089 1254 ›tor-

127 1279 294 1358 queatur
325 1274 445 1341 donec
482 1275 659 1340 conscios
694 1274 878 1342 indicetur
911 1277 991 1342 adeo
1023 1278 1090 1361 ille,

128 1364 186 1446 qui
216 1363 360 1428 nondum
392 1363 562 1448 indicavit,
594 1362 699 1429 adhuc
732 1385 800 1430 non
827 1366 877 1428 est
901 1386 961 1448 pro
992 1369 1089 1431 torto.

128 1471 207 1536 ergo
234 1455 270 1516 ut
294 1452 472 1518 maioribus
496 1452 617 1518 nostris
641 1451 745 1516 visum
770 1455 832 1535 est,
862 1453 917 1533 [si]
943 1453 1088 1532 conscios

116 1539 254 1605 babuit.
1107 1558 1141 1608 rt

194 1626 386 1713 Videamus,
414 1651 495 1713 quos
522 1628 682 1694 habuerit.
728 1628 855 1694 nullum
882 1627 1005 1694 foetum
1035 1630 1087 1694 de

125 1715 251 1801 prendi,
277 1717 404 1782 nullum
428 1718 643 1782 conscientiae
667 1717 797 1802 signum
820 1720 981 1802 putemus,
1003 1740 1088 1784 mor·

125 1809 220 1871 tuum
240 1827 320 1888 esse,
352 1812 526 1890 antequam
544 1808 766 1890 torqueretur:
785 1828 987 1890 quaeramus,
1006 1827 1088 1890 quos

127 1895 274 1961 conscios
305 1894 466 1960 habuerit.
510 1916 618 1960 nonne
645 1895 726 1960 illud
753 1915 853 1979 genus
886 1894 1087 1979 quaestionis

124 1982 388 2068 praecipiendum
420 1988 484 2068 est,
519 2005 614 2067 quem
642 1983 794 2048 habuerit
822 1982 984 2050 amicum?
1020 2005 1086 2049 non
1105 2000 1151 2068 ao,

126 2074 249 2136 temere
289 2071 386 2137 debet
417 2071 577 2137 indicasse
613 2074 725 2137 tentae
761 2071 809 2137 rei
845 2072 1086 2138 conscientiam.

125 2158 242 2245 Longa
269 2160 481 2243 consuetudo,
508 2164 601 2226 vetus
632 2159 776 2226 amicitia
798 2159 891 2244 facit,
916 2162 956 2225 ut
977 2160 1087 2226 veniat

129 2249 203 2332 quis
222 2248 256 2312 in
271 2249 403 2314 sceleris
418 2249 617 2315 societatem.
640 2249 779 2314 amicum
794 2249 897 2332 igitur
909 2247 1085 2333 proditoris

128 2339 163 2400 te
186 2336 285 2401 fuisse
307 2336 431 2422 negas?
454 2338 520 2402 iam
540 2337 569 2402 si
586 2340 619 2401 te
637 2337 891 2421 interrogavero,
915 2358 1013 2421 quare
1032 2336 1084 2402 de-

127 2424 214 2490 deris
237 2446 407 2510 venenum,
429 2425 641 2510 respondebis
659 2429 842 2510 „tormenta
859 2427 956 2490 tertio
976 2424 1084 2490 videre
1103 2442 1139 2492 as

115 2534 192 2579 non
215 2517 378 2597 poteram:
401 2536 491 2580 meos
516 2517 615 2596 crtus,
637 2535 710 2578 mea
731 2514 867 2578 lacerari
886 2513 1009 2579 viscera
1027 2536 1085 2597 pu·

124 2601 266 2668 tabam“.
308 2603 416 2687 iungit
444 2602 529 2668 enim
558 2601 719 2668 amicitias
743 2601 922 2666 similitudo
946 2622 1086 2666 morum:

124 2691 235 2756 neseio
264 2691 425 2775 quomodo
453 2691 539 2756 inter
568 2713 638 2756 sese
667 2690 850 2756 animorum
876 2690 1012 2754 numina
1040 2689 1086 2754 vi·

127 2778 206 2844 dent
228 2782 261 2845 et
285 2785 477 2865 agnoscunt,
506 2801 566 2846 nee
594 2780 766 2864 quisquam
793 2799 902 2845 amare
925 2779 960 2843 in
983 2779 1086 2843 altero

198 2995 212 3042 1
232 2988 388 3058 nequitiam
406 2993 456 3043 ΑΒ
479 2991 489 3060 ΙΙ
512 2994 528 3044 2
548 2989 661 3044 obviam
680 2991 723 3044 est
741 2993 793 3056 As3
820 2989 932 3044 obviam
951 2989 1024 3043 itum
1042 2989 1086 3042 est

121 3058 171 3114 Bu
188 3060 198 3129 ΙΙ
218 3066 233 3114 '1
252 3077 325 3114 nunc
344 3063 389 3116 est
405 3061 424 3115 l.
444 3064 480 3128 Δ,
504 3076 560 3115 non
577 3077 613 3115 ne
632 3063 676 3115 est
693 3060 712 3114 l.
730 3065 751 3112 B
770 3063 780 3141 fl
800 3066 832 3113 11
853 3060 902 3114 scd
920 3060 1086 3127 torqueatur

122 3145 174 3185 om.
193 3130 285 3200 31112
305 3131 392 3186 doceo
409 3133 503 3236 ”ln
521 3129 675 3186 melotibus
693 3136 716 3182 Δ
730 3131 739 3200 fl
754 3148 779 3184 sr
796 3134 860 3200 ΑΒ,
878 3130 933 3184 iste
953 3127 1020 3195 Set,
1039 3145 1085 3182 err-

123 3201 189 3256 clus.
208 3201 253 3256 Rc
271 3207 297 3256 et
315 3201 369 3270 Βῆ
387 3220 426 3257 un
743 3199 749 3212 ’

123 3276 172 3326 etc.
190 3270 228 3340 (9)
246 3273 256 3342 fl
275 3278 308 3328 16
327 3273 484 3328 iudicamus
502 3278 523 3325 P
540 3273 550 3342 ΙΙ
568 3271 739 3342 deprehendi
756 3274 778 3324 B
796 3273 854 3341 1126
873 3273 967 3326 arctus
985 3275 1062 3322 B-l’
1076 3272 1089 3337 {t

122 3346 157 3396 28
176 3359 243 3398 non
265 3358 365 3413 posse
388 3343 516 3399 amicos
540 3360 613 3398 csse
635 3341 705 3397 nisi
728 3341 787 3411 qui
806 3341 938 3397 similes
957 3341 1090 3396 habent

122 3429 233 3469 mores
252 3420 278 3470 et
298 3421 329 3467 Ν
351 3415 524 3486 Aunomina
543 3419 596 3482 Δι,
614 3414 722 3470 lumina
743 3412 799 3470 Otr
812 3415 821 3484 l!
835 3419 869 3468 29
887 3429 923 3468 ne
941 3416 965 3465 A

463 3203 554 3257 visum
573 3204 617 3256 est
635 3200 783 3274 <conscios
801 3198 930 3274 habuit).
949 3197 975 3253 si
993 3214 1083 3255 conso.
