2640 3968
398 171 717 229 DECLAMATIONES.
738 172 851 229 CCLIII.
1067 175 1108 241 37

148 335 293 400 deforme
326 334 479 400 habitura
507 335 620 403 civitas
649 334 725 420 fuit,
756 335 865 402 dedito
894 333 945 423 (ut
975 338 1112 404 subinde

147 423 271 508 dicitis)
295 423 511 508 tyrannicida,
532 423 564 488 id
589 445 683 489 omne
705 445 778 489 mea
795 425 966 510 rogatione
985 426 1111 493 detrae-

147 517 218 578 tum
243 515 307 598 est,
339 513 427 577 omni
450 512 573 596 pudore
602 513 732 578 liberati
756 513 850 577 estis:
882 514 1023 579 invitum
1045 537 1111 581 non

147 600 410 685 de<di>dissetis3
425 601 510 685 quod
522 599 563 666 ad
573 622 631 668 vos
645 601 796 686 pertinet,
810 602 933 667 bellum
949 603 1111 688 suscipere

147 689 322 758 maluistis.
368 688 423 754 sed
446 689 509 754 hoc
532 692 584 755 est
605 689 791 774 praecipue,
819 712 919 774 quare
942 711 1003 777 ego
1026 692 1111 758 hanc
1130 708 1146 755 5

147 779 233 844 ferre
266 778 400 844 debeam
431 778 645 864 rogationem.
692 799 753 865 ogo
785 801 845 863 pro
875 780 1006 846 civitate
1042 783 1112 846 tam

148 871 258 954 grata,
289 889 348 951 pro
376 867 498 953 populo
530 867 606 951 tali,
637 888 702 933 non
730 867 845 934 subibo
877 869 1112 954 qualecumque

102 999 108 1012 ·
147 956 350 1042 periculum?
568 1031 571 1038 ¹

218 1044 281 1110 Sed
302 1066 368 1110 non
392 1045 499 1112 solum
522 1045 570 1110 rei
592 1045 755 1129 publicae,
782 1067 894 1111 verum
917 1046 1017 1113 etiam
1039 1068 1112 1111 mea

151 1136 300 1217 interest,
322 1133 407 1200 hano
428 1134 529 1219 recipi
550 1134 766 1218 rogationem.
798 1157 893 1220 quem
912 1135 1011 1202 vultis
1026 1135 1112 1200 enim
1132 1148 1164 1198 10

150 1224 265 1308 ponite
288 1227 453 1288 eventum:
475 1222 655 1307 periculum
678 1222 760 1287 mihi
782 1224 898 1289 mortis
922 1227 979 1290 est
1011 1223 1112 1309 quid?

149 1332 211 1398 ego
239 1332 305 1377 non
333 1312 413 1377 satis
443 1311 532 1376 vixi?
572 1332 640 1377 non
671 1312 758 1376 enim
787 1333 946 1378 annorum
978 1326 1112 1378 numero

148 1422 208 1465 nec
242 1400 349 1484 spatio
382 1401 500 1465 aetatis
533 1401 702 1465 terminari
734 1403 858 1465 certum
891 1403 942 1465 est
977 1400 1113 1466 fortium

149 1490 293 1554 virorum
316 1489 427 1573 vitam,
451 1489 507 1554 sed
529 1489 624 1554 laude
647 1493 681 1554 et
703 1488 792 1554 fama
811 1492 844 1553 et
862 1492 1038 1573 perpetuae
1056 1511 1113 1572 po·

149 1577 309 1644 steritatis
328 1577 583 1646 immortalitate.
617 1577 670 1644 Ita
689 1577 734 1642 dii
751 1576 887 1662 faciant,
907 1582 944 1644 ut
959 1597 1113 1664 magnum
1133 1591 1166 1639 15

149 1665 579 1839 ttritts'ttltt.
593 1666 693 1820 tlt
706 1667 947 1821 diluti}
972 1667 1114 1821 dett·

368 1806 375 1822 '
1105 1806 1114 1838 ἲ

149 1848 188 1909 ut
230 1843 482 1928 tyrannicidium
526 1866 634 1910 meum
681 1844 785 1908 maius
823 1843 876 1909 sit.
935 1844 990 1908 sed
1031 1844 1113 1909 illud

149 1932 284 1998 interim
314 1953 442 2017 vereor,
472 1954 513 2000 ne
542 1936 701 2016 tyrannus
729 1953 768 1996 ex
794 1953 845 1996 me
873 1935 965 2018 petat
991 1933 1114 1998 famam

149 2021 305 2087 lenitatis.
350 2019 450 2088 habet
478 2021 564 2088 enim
588 2022 673 2106 apud
696 2021 800 2086 malos
823 2042 950 2106 quoque
974 2022 1113 2086 multum
1132 2035 1167 2084 20

151 2110 358 2178 auctoritatis
384 2110 505 2196 virtus,
538 2113 571 2174 et
600 2109 738 2176 forsitan
764 2109 827 2174 hoc
855 2109 911 2174 ille
941 2110 1113 2175 ambitiose

149 2199 262 2282 faciet,
298 2201 336 2263 ut
365 2201 530 2284 potestate
561 2202 733 2264 contentus
766 2198 819 2263 ait.
871 2197 1026 2282 quidquid
1055 2202 1114 2282 est,

150 2287 260 2353 videat
288 2309 340 2354 me
368 2291 403 2353 et
425 2287 482 2353 illa
503 2285 619 2352 civitas
643 2286 763 2352 vicina:
794 2287 933 2352 multum
957 2285 1023 2351 illis
1048 2307 1114 2351 ser-

150 2375 315 2441 vientibus
349 2375 496 2460 prodero.
548 2375 691 2458 videant,
723 2397 786 2460 quo
818 2377 910 2440 vultu
938 2379 1113 2460 tyrannum

150 2463 263 2546 feram,
282 2486 380 2549 quam
393 2464 563 2538 interritus
577 2464 734 2529 tribunali
749 2465 817 2529 eius
832 2463 999 2547 adsistam,
1016 2485 1113 2548 quarn
1134 2477 1167 2526 25

149 2574 201 2618 me
223 2551 309 2618 nihil
331 2552 448 2636 minae,
470 2552 553 2618 nihil
577 2551 736 2638 supplicia
758 2552 831 2636 ipsa
849 2554 1011 2617 moveant.
1041 2555 1112 2635 pot·

151 2645 204 2706 est
221 2641 302 2726 fieri,
324 2644 363 2705 ut
386 2640 573 2706 exhortetur
591 2641 668 2706 illos
686 2640 740 2705 hic
759 2641 887 2706 animus
911 2661 1011 2723 meus,
1032 2639 1113 2705 haec

147 2750 223 2795 mea
254 2751 355 2796 mens.
400 2727 506 2795 Vobis
535 2729 665 2814 quidem
697 2728 860 2795 custodire
888 2749 1015 2814 pacem,
1042 2727 1114 2794 red-

149 2817 224 2883 dere
253 2818 395 2902 quietem
426 2819 531 2882 maius
559 2818 632 2903 ipso
660 2817 879 2902 tyrannicidio
907 2820 996 2902 puto.
1036 2839 1113 2881 nam

148 2907 177 2971 ai
205 2906 327 2971 bellum
354 2906 518 2991 imminet,
551 2907 579 2971 si
612 2907 789 2991 periculum
817 2905 970 2972 universa
997 2906 1112 2971 civitas
1132 2921 1165 2970 30

146 2993 262 3060 habet:
289 2994 376 3079 quod
399 2995 501 3079 illum,
525 2995 615 3060 cuiue
637 2995 768 3062 nomine
792 2995 874 3060 mihi
897 2994 1021 3080 gratias
1045 2994 1112 3078 agi·

8 3097 10 3112 '
146 3084 202 3166 tie,
226 3083 338 3167 occidi,
360 3084 536 3148 maximam
557 3084 652 3150 robis
675 3084 828 3148 iniuriam
852 3083 924 3148 feci.

189 3327 195 3338 ι
219 3263 236 3338 :⁰³
257 3273 353 3312 omne
372 3259 418 3327 ΔΙΙ
431 3263 449 3315 4,
463 3256 682 3331 de<di>diseetis
696 3256 732 3312 Pi
746 3257 755 3326 Η
770 3263 803 3312 16
812 3255 992 3338 posteritatis
999 3260 1039 3309 Aa
1053 3259 1062 3326 ΙΙ
1076 3261 1110 3311 17

146 3326 312 3411 (y131>R⁰
334 3330 343 3396 ΙΙ
366 3333 399 3410 23
419 3327 536 3384 videant
553 3333 573 3381 B
593 3331 602 3399 ll
619 3334 654 3383 28
673 3343 736 3383 mea
754 3342 804 3383 om.
823 3330 913 3397 rflel
934 3328 1045 3397 sagrttis
1065 3342 1111 3381 oo·

148 3397 206 3453 crdr
224 3403 274 3468 Aa,
293 3399 392 3468 agrttrs
412 3416 469 3454 occ.
488 3404 528 3452 Ab
