2640 3968
515 163 732 220 PRAEFATIO.
1025 163 1104 220 XXV

141 333 187 376 me
218 315 350 391 aliquem
377 315 500 392 mereri,
531 315 584 375 sed
611 331 770 391 superasse
797 315 887 376 etiem
917 315 1103 392 aliquantum

143 411 286 473 Gronovii
307 415 340 472 et
358 411 502 472 Obrechti
525 412 671 473 editiones
695 404 787 494 (quee
806 415 886 472 certe
904 411 958 472 ille
975 414 1104 472 maxime

141 511 268 588 vulgate
291 509 517 570 Burmanniene
538 511 670 585 potiores
694 501 789 591 sunt).

206 607 341 667 Adhibui
361 607 393 666 in
415 626 516 666 meum
535 626 623 667 usum
643 625 734 684 quem
752 606 982 685 diligentissime
1001 625 1104 666 eorum

142 705 288 773 omnium,
326 705 379 782 qui
416 704 531 781 priores
564 724 686 782 operum
719 723 803 764 sunm
838 705 1105 765 declamationibus

141 802 294 874 dederent,
316 805 414 884 potes,
436 801 595 878 praecipue
618 823 689 864 vero
712 803 747 864 ll.
766 802 875 862 Rohdii
898 803 1018 863 adiutus
1038 821 1104 862 sum

136 893 460 980 observationibus*)‚
487 918 562 976 ques
589 900 800 960 liberalissime
826 900 900 959 mihi
927 899 1106 976 permiserat

141 1002 204 1058 tem
226 999 411 1074 frequentes,
427 999 463 1056 ut
479 998 532 1057 vix
550 998 642 1057 uilem
661 998 804 1074 peginam
821 997 919 1073 poesis
937 997 1104 1074 perlegere,

142 1097 226 1156 cuius
249 1113 310 1155 non
331 1096 415 1154 locus
438 1113 515 1154 unus
539 1099 593 1155 eut
619 1096 711 1170 alter,
738 1095 898 1170 corruptus
927 1094 977 1156 vel
999 1094 1103 1170 despe-

141 1197 227 1254 ratus
260 1193 363 1270 antee,
395 1193 554 1252 restitutus
587 1197 618 1253 et
650 1193 827 1268 explanatus
858 1192 899 1252 sit
927 1191 1010 1251 illius
1045 1191 1105 1252 viri

142 1291 317 1372 lelicissime
347 1293 379 1350 et
408 1289 524 1350 illustri
555 1289 771 1350 emendatione.
817 1289 864 1348 Ne
890 1290 955 1366 ipse
984 1288 1104 1366 quidem

142 1389 216 1447 mihi
245 1388 353 1448 videor
382 1387 577 1447 restituendis
604 1386 706 1450 uerbis
737 1405 860 1462 prorsus
887 1386 1018 1445 defuisse
1050 1405 1104 1446 nec

143 1486 227 1544 nulle
249 1503 364 1557 eorum,
387 1502 464 1560 quse
486 1503 608 1544 menum
632 1482 865 1544 emendatricem
883 1484 1106 1560 exspectabunt,

15 1557 17 1576 ³
143 1582 291 1658 pristinae
314 1582 439 1641 seniteti
461 1582 639 1642 restituisse.

210 1680 382 1740 Perfectum
401 1697 461 1740 non
479 1697 545 1740 esse
564 1698 639 1756 opus
658 1681 771 1757 optime
784 1681 849 1756 ipse
862 1680 1014 1757 intellego.
1047 1679 1105 1739 Ex·

143 1777 292 1837 creationi
313 1779 416 1836 tumen
437 1777 478 1837 sit
501 1778 592 1837 etiem
615 1777 677 1851 ille,
696 1777 732 1836 de
751 1795 811 1854 que
829 1778 971 1851 disserui,
991 1781 1107 1838 contro-

143 1875 311 1936 versiarum
334 1874 433 1934 forme
454 1893 514 1935 non
537 1875 738 1951 perfectarum
763 1894 818 1935 uec
839 1875 926 1951 plene
946 1875 1106 1951 explicem·

143 1992 221 2040 rum,
240 1973 295 2032 sed
312 1972 418 2048 primis
431 1974 549 2032 tentum
565 1971 651 2031 lineis
665 1971 966 2048 circumscriptarum.
998 1972 1107 2032 Alione

145 2071 224 2129 enim
238 2069 355 2129 urbano
369 2071 402 2129 et
416 2069 586 2148 expolitiori
599 2071 729 2130 sermoni
742 2089 808 2147 vox,
827 2070 926 2130 minus
945 2070 1107 2147 diligenter

144 2169 293 2243 usurpete
313 2166 418 2242 dictio,
445 2167 596 2227 sententie
622 2183 683 2226 non
709 2168 798 2244 plene
826 2187 879 2228 suo
907 2168 971 2229 loco
998 2167 1107 2244 posite,

145 2281 223 2342 quoe
243 2264 278 2322 in
299 2267 444 2324 exornato
467 2281 556 2340 opere
579 2265 747 2324 certissime
765 2267 853 2342 signe
871 2268 974 2326 essent
991 2264 1106 2324 turbati

147 2363 222 2438 stili,
245 2363 347 2422 nescio
370 2380 409 2421 en
431 2362 480 2422 hio
501 2363 625 2438 paulum
644 2363 814 2424 offensionis
833 2363 981 2441 hebeent3
1003 2365 1105 2422 temen

146 2477 302 2536 quousque
319 2459 471 2536 pertinere
490 2461 587 2536 possit
604 2461 800 2537 neglegentis
827 2461 985 2534 sermonis,
1007 2460 1052 2518 ite
1074 2461 1109 2518 ut

145 2573 205 2618 non
236 2556 357 2618 desinet
384 2557 503 2616 omnino
535 2573 601 2618 esse
628 2557 768 2631 Latinus,
800 2556 885 2616 brevi
910 2556 1043 2616 incurios
1075 2559 1108 2615 et

145 2653 280 2730 ineptius
302 2654 443 2729 confinio,
472 2654 510 2714 de
537 2672 573 2714 ee
595 2673 642 2729 re,
664 2657 752 2730 puto,
782 2653 837 2714 viri
867 2653 948 2713 docti
975 2654 1109 2729 eliquen-

145 2755 213 2810 tum
248 2750 329 2810 inter
365 2771 397 2812 se
434 2751 620 2812 dissentient.
672 2750 798 2827 Saepius
837 2750 928 2810 etiem
964 2749 997 2809 in
1034 2749 1109 2810 sele·

145 2851 237 2910 broso
260 2849 314 2910 illo
333 2850 404 2910 stilo
421 2851 524 2925 potest
546 2850 577 2908 in
600 2848 834 2910 controversiam
854 2847 964 2921 soceri,
987 2865 1026 2907 en
1044 2865 1109 2906 sen-

145 2949 245 3008 tentie
267 2947 370 3025 ulique
392 2947 488 3006 ertios
511 2945 671 3006 cohesreet
692 2963 759 3006 cum
785 2946 898 3022 priore,
924 2963 964 3004 en
986 2963 1110 3021 sequen·

145 3049 210 3120 tem
236 3045 360 3123 propius
384 3045 550 3122 continget,
577 3061 615 3102 en
643 3043 798 3120 proprium
826 3041 938 3119 eliquid
960 3040 1036 3101 velit
1063 3060 1110 3100 ex-

146 3161 273 3220 poner03
300 3161 356 3202 neo
386 3142 486 3202 minus
514 3143 615 3200 utrum
644 3140 832 3217 praeceptori
858 3157 912 3214 per
943 3157 1110 3198 sermonem

220 3305 248 3372 *)
268 3302 372 3358 Rchdii
399 3303 574 3358 coniecturae
599 3300 650 3354 ubi
672 3299 866 3368 congruebant
888 3312 952 3352 enm
976 3297 1017 3352 eie
1039 3313 1111 3368 quse

148 3375 212 3445 ipse
235 3391 301 3428 mes
319 3376 419 3442 sponte
442 3373 472 3427 in
496 3373 712 3428 commentarios
732 3385 809 3424 meos
828 3368 992 3437 retuleram,
1015 3370 1044 3423 in
1063 3385 1111 3438 sp·

149 3448 252 3516 pereto
271 3444 371 3500 critico
389 3459 445 3500 non
468 3443 526 3512 Ro,
550 3443 598 3497 sed
616 3442 661 3498 Ro
679 3447 704 3496 ct
721 3441 762 3496 Rs
784 3441 910 3511 apposui.
