2668 3968
210 163 275 228 148
574 159 803 228 aulaumaiu

208 348 287 393 rem.
329 325 404 391 ideo
427 325 514 389 enim
532 346 590 390 vos
615 325 813 404 sustulimus,
835 327 873 388 ut
896 323 990 388 uobis
1014 324 1171 408 obsequa-

208 415 298 498 mini,
321 419 355 479 et
377 419 464 480 certe
487 413 596 479 nullus
616 413 799 478 excusatius
822 434 842 477 a
859 416 953 497 patre
974 434 1042 479 non
1054 414 1171 497 proba-

209 504 311 588 bitur,
339 525 437 589 quam
466 503 522 587 qui
548 523 616 568 non
641 503 760 587 probat
781 504 919 586 patrem
965 501 1090 568 scilicet
1109 524 1171 568 nos

211 593 318 676 stulti,
347 593 403 678 qui
425 592 545 676 iorum,
574 591 622 656 rei
645 591 793 676 publicae
817 591 1012 676 dignitatem
1033 594 1172 657 tuemur.

175 681 337 747 odiseede
361 682 402 746 ab
425 681 607 765 insipiente,
630 681 671 745 ab
694 681 819 746 insano.

278 767 341 835 Sed
359 791 426 834 uon
443 790 574 834 necesse
592 769 707 853 habeo,
729 769 860 852 iudices,
878 767 933 833 diu
947 771 1171 835 commendare

84 881 90 890 ’
211 858 304 925 vobis
333 857 441 924 officia
469 858 593 942 civilia,
620 859 655 923 iu
683 859 800 943 quibus
831 858 897 922 iam
929 858 984 924 diu
1013 859 1172 925 satisfeci:

212 948 319 1013 omnis
338 945 420 1012 mihi
439 947 523 1012 aetio
542 948 577 1012 in
595 946 796 1033 dispicienda
814 947 883 1013 vita
901 946 962 1011 filii
984 949 1094 1032 posita
1111 952 1171 1014 est.

210 1036 331 1122 videte,
362 1039 401 1100 ut
433 1037 497 1101 aha
529 1038 670 1119 taceam,
698 1036 849 1102 habitum
875 1037 994 1119 ipsum.
1048 1039 1172 1102 ceteros

159 1140 192 1189 10
212 1126 311 1209 enim,
335 1147 417 1209 quos
441 1125 592 1190 abdicant
613 1127 733 1211 patres,
757 1125 827 1190 sine
849 1125 1036 1190 narratione
1058 1126 1173 1210 culpae

211 1214 362 1280 abdicare
379 1235 446 1279 non
463 1218 613 1299 possunt:
631 1214 666 1278 in
682 1214 745 1280 hoc
762 1213 830 1279 filio
849 1215 929 1279 satis
944 1218 996 1278 est
1009 1213 1050 1278 ad
1063 1214 1173 1280 odium

210 1302 361 1368 habitum
380 1303 559 1369 ostendere.
589 1304 663 1387 quis
682 1307 734 1368 est
751 1303 814 1368 iste
832 1303 894 1368 filii
911 1301 1065 1368 habitus?
1089 1324 1173 1387 quae

211 1391 344 1457 sordes?
381 1391 458 1476 quid
490 1391 574 1457 mihi
605 1391 689 1458 hauc
720 1391 879 1457 invidiam
909 1390 1004 1473 facis,
1035 1396 1173 1457 uicum

211 1480 333 1547 habeas
361 1484 506 1564 petrem,
538 1481 645 1546 cibum
678 1482 719 1546 ab
751 1481 825 1546 aliis
857 1479 972 1564 petas?
1019 1480 1173 1547 adversus

161 1583 194 1634 15
212 1569 378 1634 fortunam
405 1574 439 1634 te
467 1570 618 1636 exerces?
660 1570 738 1655 quid
766 1571 854 1635 enim
877 1569 1019 1635 accidere
1041 1571 1173 1655 gravius

213 1657 345 1742 potest?
368 1657 481 1742 frigus,
499 1657 620 1724 famem
639 1659 771 1744 pateris,
792 1658 983 1744 nequando
1002 1658 1173 1725 accidant?

212 1751 246 1811 et
268 1746 341 1811 ideo
365 1745 488 1831 aliquid
511 1749 648 1832 pateris,
675 1769 716 1812 ne
739 1747 869 1832 quaudo
891 1747 1083 1831 patiendum
1106 1748 1172 1815 sit?

211 1856 271 1899 vos
284 1856 362 1900 vero
380 1856 466 1900 novo
485 1856 603 1921 genere
623 1836 766 1902 ambitus
781 1835 1028 1901 admirationem
1042 1837 1175 1902 miseria

212 1923 360 2008 captatis.
409 1924 484 1990 inde
511 1925 581 1990 illa·
598 1923 805 2009 inpudentia,
833 1925 919 2009 quod
946 1926 1173 1992 verecundiam

158 2027 193 2076 ao
212 2012 304 2078 inter-
335 2013 473 2079 crimina
507 2014 631 2100 ponitis
663 2014 726 2096 †et
757 2013 1012 2097 appellationem
1047 2036 1174 2099 quoque

211 2100 334 2184 passim
346 2123 451 2186 nuper
459 2103 593 2167 dedistis
602 2103 636 2185 †.
650 2101 756 2167 omnia
766 2122 841 2166 vero
852 2102 1078 2188 philosophiae
1087 2107 1173 2168 trao-

210 2194 301 2255 tatus
325 2190 451 2255 alienus
464 2191 621 2256 -moribus
643 2193 773 2255 nostrae
797 2191 941 2256 civitatis
962 2195 1021 2258 est.
1061 2195 1173 2258 tamen

211 2279 322 2363 utique
345 2279 526 2365 placuerat:
557 2300 664 2344 nonne
688 2278 770 2344 aliae
794 2284 900 2346 sectae
922 2275 1096 2346 iustiores?
1125 2285 1172 2346 at

212 2366 360 2433 tenderes
386 2367 552 2451 Physicis3
580 2389 765 2453 quaerereS,
791 2372 943 2434 utrumne
971 2370 1056 2454 ignis
1085 2374 1173 2434 esset

158 2456 343 2521 comitium
364 2477 482 2535 rerum,
504 2478 547 2522 an
570 2477 647 2521 vero
670 2457 807 2523 minutis
830 2458 936 2523 editus
960 2462 993 2522 et
1013 2458 1169 2523 mirabili-

212 2545 273 2610 bus
301 2545 469 2610 elementis
492 2549 667 2631 perpetuus
693 2545 747 2612 hio
773 2546 927 2630 mundus,
955 2569 997 2610 an
1024 2546 1173 2632 mortalis

213 2637 309 2699 esset
356 2632 509 2699 Viderint
540 2634 610 2698 elii:
640 2654 701 2719 ego
733 2635 769 2699 in
800 2639 833 2700 te
865 2634 949 2700 hauc
980 2635 1174 2718 patientiam

212 2722 352 2806 torporis
374 2720 459 2786 ferre
478 2743 546 2788 non
563 2742 706 2806 possum.
743 2725 778 2789 in
796 2725 879 2788 alias
896 2727 929 2788 te
948 2744 1021 2806 spes
1041 2724 1173 2807 sustuli,

213 2809 251 2872 de
274 2808 435 2892 dignitate
459 2814 516 2876 tua
539 2812 733 2896 cogitabam.

283 3025 299 3073 a
319 3021 466 3075 excusam
484 3024 506 3072 B
523 3024 533 3093 11
551 3027 568 3075 4
588 3021 728 3092 dignitate
746 3022 887 3075 intuemur
903 3025 925 3073 B
942 3024 953 3091 1
972 3027 988 3076 6
1008 3021 1078 3076 abeo
1097 3022 1173 3090 117

213 3090 339 3146 civilium
356 3095 397 3144 Aa
415 3093 424 3159 l
443 3096 460 3145 8
479 3093 539 3163 dis>
556 3097 579 3146 Α
596 3095 655 3164 114
674 3093 776 3162 cybum
794 3091 918 3160 itemque
936 3092 1049 3174 saepius
1065 3092 1173 3161 liupe-

212 3164 265 3218 taa.
284 3161 325 3216 IN
344 3161 499 3219 CYNIOOS
518 3163 582 3221 adv.
601 3167 624 3216 Δ
646 3167 656 3235 11
682 3171 713 3218 17
731 3162 813 3218 ideco
831 3167 855 3214 Δ
877 3165 887 3232 1
908 3161 1039 3232 patensis
1057 3167 1098 3216 Aa
1114 3165 1125 3246 1
1141 3167 1173 3218 18

213 3232 408 3288 adorationem
426 3238 488 3302 n,
517 3251 586 3292 corr.
604 3235 649 3290 Ro
671 3237 681 3305 1
703 3239 807 3290 20-21
826 3233 944 3300 fortasse
961 3233 1176 3304 *appellatione

213 3319 325 3372 quoque
349 3305 471 3386 pessima
495 3305 668 3375 perdidistis;
701 3303 921 3374 appellationem
943 3323 989 3373 qu.
1013 3305 1176 3374 passionum

213 3373 376 3442 perdidistis
397 3375 453 3430 Otr
466 3377 476 3446 11
488 3382 525 3431 24
542 3376 627 3430 fisicis
645 3380 677 3441 Δ,
695 3375 810 3445 phisicis
824 3378 902 3428 Μ
915 3377 925 3445 1
939 3382 972 3430 25
991 3375 1174 3432 mutabilibus

212 3443 257 3500 Ro
270 3445 280 3514 l
293 3451 328 3500 27
346 3445 470 3502 viderint
487 3449 515 3501 te
534 3447 570 3501 al.
589 3449 680 3516 2128
698 3446 822 3515 eorporis
841 3450 898 3516 AB,
917 3464 986 3504 corr.
1008 3448 1052 3504 Ro
