2670 3962
380 149 701 208 DECLAMATIONES.
720 149 859 208 cccxlv.
1037 151 1102 218 233

138 336 177 381 eo
205 311 316 398 modo,
345 335 410 400 qno
438 318 566 380 creatus
594 318 653 380 est.
699 313 875 380 secundum
896 314 979 380 illud
1002 335 1103 400 aeque

138 424 323 490 commune,
365 401 450 488 qnod
485 402 594 470 nullas
632 403 816 469 simultates
845 407 1007 470 *executus
1043 408 1103 489 est,

137 493 265 560 nullam
294 513 385 577 spem
414 514 452 557 ex
480 492 577 558 caede
604 491 687 578 eine,
719 514 815 577 quem
842 491 985 558 occisum
1012 514 1102 559 accu-

139 585 230 648 sator
257 581 419 667 queritur,
451 582 619 666 concipere
646 581 767 666 potnit:
799 584 833 648 et
862 581 971 647 officio
996 582 1103 665 inpul-

139 692 206 756 sus,
228 670 357 738 etiamsi
380 669 493 756 lapsus
517 675 581 755 est,
604 675 716 737 temen
737 669 840 737 veluti
862 671 945 756 legis
964 670 1137 737 concilior

140 759 293 844 deceptus
320 763 380 826 est.
430 758 478 826 Ut
503 760 583 826 haec
617 759 815 844 communis,
846 760 894 825 ite
923 759 1005 825 illud
1036 759 1103 825 iem

138 849 317 934 proprium,
329 850 413 932 quod
425 849 455 914 si
469 849 573 914 ullum
588 847 743 915 adversus
759 848 847 915 bunc
861 847 1102 916 adulescentem

139 937 309 1004 habuisset
341 937 450 1004 odium
481 939 709 1024 magistratus,
741 938 847 1025 megia
876 937 1005 1004 insanie
1033 939 1102 1004 eius

139 1027 376 1093 vindicabatur.
399 1027 455 1108 sic,
474 1047 548 1094 eum
566 1027 614 1094 ite
631 1027 878 1113 praeparaverit
896 1048 1036 1114 cansam,
1053 1026 1101 1092 in·

140 1117 221 1202 cipit
243 1115 282 1182 de
304 1115 374 1182 iure
397 1135 455 1182 eno
478 1116 578 1202 loqui
1122 1132 1155 1183 10

456 1290 787 1362 DECLAMATIO.

208 1417 466 1506 Magistratus
504 1418 548 1484 de
585 1417 764 1485 confesso
797 1422 923 1484 sumat
955 1419 1103 1503 suppli·

140 1508 247 1574 oium.
301 1506 428 1573 Durum
457 1507 676 1573 ministerium
705 1510 738 1574 et
764 1506 938 1573 iniucunda
970 1506 1103 1572 honoris

139 1597 236 1663 buius
259 1596 445 1663 necessitas.
491 1596 547 1662 sed
574 1597 645 1682 quie
673 1596 783 1682 potius
811 1598 900 1683 leges
928 1597 1104 1680 exequetur

142 1689 175 1753 et
196 1685 365 1752 bominum
390 1685 572 1771 commissa,
601 1686 667 1751 nisi
691 1687 747 1771 qui
769 1707 838 1751 rem
860 1685 1025 1771 publicam
1049 1684 1101 1751 ad·
1122 1699 1155 1750 15

140 1774 351 1842 ministrant?
372 1795 467 1840 nemo
488 1774 578 1840 istud
599 1773 722 1841 faceret
743 1775 893 1862 libenter,
912 1774 978 1840 nisi
995 1794 1104 1839 neces·

142 1865 249 1930 sitate.
272 1883 351 1950 ergo
374 1885 441 1930 non
465 1865 570 1930 solum
594 1864 688 1930 licuit
710 1863 792 1931 mihi
815 1863 960 1930 occidere
979 1861 1104 1929 confes·

142 1975 223 2036 sum,
246 1951 302 2020 sed
326 1952 435 2038 etiam,
458 1953 487 2018 si
509 1953 641 2039 nollem,
664 1974 794 2020 necesse
817 1951 890 2019 fuit.

206 2041 394 2128 Videamus,
412 2063 455 2107 an
472 2041 529 2108 ille
548 2043 715 2110 confessus
735 2042 787 2109 sit.
810 2044 911 2108 testes
929 2041 1103 2127 praebeam

140 2131 259 2199 vobis?
281 2133 353 2198 tota
376 2130 508 2196 civitate
532 2132 643 2199 audita
665 2153 728 2198 vox
751 2135 811 2197 est.
855 2152 896 2196 ne
918 2131 1008 2216 ipsos
1033 2131 1102 2216 qui-
1122 2145 1156 2195 20

141 2220 215 2285 dem
235 2221 439 2286 accusatores
458 2223 636 2308 negaturos
655 2241 725 2286 esse
745 2219 882 2305 confido,
898 2219 1001 2304 ipsius
1015 2234 1104 2304 roce,

141 2309 245 2394 ipsius
273 2308 386 2396 lingna
415 2329 484 2375 esee
512 2309 636 2375 dictum
657 2329 741 2395 »ego
764 2312 810 2394 te,
836 2310 944 2394 pater,
966 2305 1104 2394 occidi<3

142 2402 175 2464 et
197 2417 264 2462 non
287 2397 387 2463 semel
411 2397 542 2482 dietum,
564 2419 606 2464 ne
629 2418 724 2464 casus
747 2396 919 2464 videretur.
945 2399 999 2483 ,at
1017 2396 1104 2462 enim

141 2486 301 2554 confessio
329 2485 479 2554 habenda
505 2506 571 2553 non
599 2487 662 2572 eet,
689 2485 753 2551 nisi
777 2507 860 2571 qnae
883 2507 903 2550 a
926 2505 1006 2552 sano
1030 2507 1105 2572 pro·

141 2573 323 2642 ficiscitur.“
344 2573 422 2641 Non
435 2575 539 2663 rideo,
562 2595 620 2642 cur
639 2573 781 2640 adhunc
800 2573 1102 2659 interpretationem
1121 2588 1155 2639 25

142 2665 321 2732 deducatur
338 2663 388 2730 ris
406 2665 502 2730 istius
521 2665 622 2750 verbi,
641 2662 727 2749 quod
745 2662 818 2750 lege
835 2662 1103 2748 comprehensum

143 2757 200 2822 eet.
247 2773 308 2841 ego
337 2753 424 2818 enim
452 2753 687 2820 confessionem
715 2752 864 2818 existimo
889 2751 1103 2837 qualemcum-

142 2864 205 2929 que
228 2843 341 2908 eontra
360 2863 395 2908 se
413 2843 726 2929 pronuntiationem
748 2863 807 2908 nec
826 2862 878 2907 me
898 2839 1036 2907 scrutari
1050 2840 1104 2905 lex

141 2931 247 3017 iubet,
272 2953 336 3017 qua
359 2930 431 3016 quis
454 2953 553 2998 cauea
575 2931 741 2999 confessus
765 2931 818 2997 sit.
863 2931 962 2996 immo
987 2950 1026 2994 ea
1047 2950 1104 2994 na·

213 3093 231 3144 1
250 3105 269 3159 q
286 3093 315 3156 1,
335 3087 384 3170 qni
401 3091 476 3159 Pub
493 3089 570 3159 leges
589 3094 645 3158 AB,
664 3103 732 3144 corr.
744 3086 849 3158 Solet?
869 3087 921 3140 *nt
939 3083 1105 3155 utillum

141 3164 181 3213 Δι
203 3162 214 3228 Ι
236 3167 253 3216 9
270 3157 462 3216 vindicabitur
480 3164 545 3214 ω
572 3163 581 3230 Ι]
608 3160 706 3226 ein,
724 3156 771 3212 hie
788 3160 847 3213 Aer
872 3160 882 3226 11
909 3161 998 3210 9-10
1015 3153 1104 3210 *inci-

141 3229 244 3304 pi<e>t
262 3229 299 3300 (t)
313 3233 323 3300 Ι
337 3237 371 3286 10
390 3231 450 3288 viro
468 3236 489 3285 B
508 3233 518 3301 ΙΙ
537 3237 569 3286 13
588 3228 740 3286 iniocunda
753 3232 795 3281 Aa
806 3230 817 3296 Ι
830 3234 865 3283 14
883 3226 1030 3308 exequitur
1047 3230 1103 3308 Ab,

141 3318 211 3358 corr.
230 3301 289 3358 Aer
315 3303 325 3371 ss
354 3307 459 3358 15-16
478 3300 729 3358 *administrarent
746 3296 784 3368 (ἓ)
803 3303 855 3368 Aa,
881 3296 1106 3354 admrmetrarrnt

141 3377 194 3440 ab,
224 3373 429 3429 administrarit
446 3378 479 3442 ¹³3
508 3372 687 3429 administret
705 3370 750 3426 Ro
772 3372 781 3440 l
806 3376 838 3426 16
861 3369 954 3425 facere
972 3373 1015 3422 ΔΒ
1038 3371 1048 3439 ΙΙ
1072 3373 1104 3422 19

142 3443 215 3499 conf.
235 3445 280 3500 eet
297 3445 400 3500 testem
418 3447 509 3514 111122
529 3444 608 3514 ligna
625 3449 649 3497 Δ
662 3445 671 3514 ΙΙ
685 3449 719 3499 28
741 3449 772 3496 Ν
793 3447 816 3495 Δ
