2692 3960
393 136 711 194 DECLAMATIONES.
730 136 898 196 CCCXXXI.
1061 139 1127 206 305

394 252 413 290 0

159 303 268 368 culum
290 298 379 386 par.“
426 300 499 366 Hoc
527 300 554 369 si
583 301 621 366 fit
648 301 774 366 actione
807 301 1013 388 iniuriarum,
1047 325 1124 368 sane

161 391 304 476 aliquam
333 381 581 455 similitudinem
609 390 730 456 habere
754 388 912 455 videatur.
958 391 1125 477 interrogo

160 479 247 545 enim
269 484 316 564 to,
344 499 386 544 an
409 478 438 543 si
461 499 536 565 ego,
562 477 618 564 qui
641 483 750 544 tecum
772 479 965 544 iniuriarum
990 481 1055 564 egi,
1079 501 1125 544 se-

161 569 226 633 mel
250 568 443 633 obiecissem
466 567 528 633 tibi
549 566 613 632 hoc
635 566 723 631 idem
746 568 881 652 crimen,
910 569 943 631 et
969 570 1007 630 tu
1030 569 1126 633 antea

160 656 334 722 damnatus
366 675 433 722 nou
461 677 562 740 esses,
592 677 670 720 num
700 655 806 740 capite
833 656 935 721 fueris
963 655 1160 740 periclito-o

161 745 277 810 turus?
318 765 393 829 non,
415 747 452 808 ut
475 743 599 827 opinor.
643 765 707 810 non
734 765 812 850 ergo
840 763 901 829 ego
922 743 1001 829 ieci,
1028 748 1066 809 ut
1088 747 1125 809 tu

159 833 268 919 capite
290 832 538 918 periclitareris,
562 831 619 898 sed
641 833 703 917 illi,
728 836 840 918 qu1te
864 835 938 898 ante
960 833 1013 898 bis
1037 832 1125 898 dam-

160 924 328 987 naverunt.
374 943 478 1007 neque
506 920 592 985 enim
621 926 820 987 senectutem
853 921 958 987 adfert
981 943 1125 987 summus

161 1009 244 1096 dies,
277 1010 333 1076 sed
362 1010 481 1094 longus
509 1009 588 1075 ordo
615 1010 716 1095 vitae,
743 1032 803 1076 nec
826 1011 1018 1076 ebrietatem
1045 1010 1126 1075 facit

160 1099 219 1164 illa
246 1098 352 1183 potio,
379 1101 456 1182 post
484 1120 582 1184 quam
610 1098 842 1165 concidendum
866 1103 930 1184 est,
959 1099 1014 1165 sed
1043 1104 1126 1165 tem·
1147 1116 1179 1165 10

161 1187 325 1272 pestivum
357 1187 540 1252 convivium
573 1191 606 1252 et
633 1185 772 1253 aviditas
803 1188 912 1252 nimia.
956 1209 1024 1253 non
1047 1208 1124 1274 ergo

162 1297 235 1341 mea
254 1275 380 1365 actione
405 1275 555 1341 effectum
578 1278 637 1360 est,
659 1279 697 1340 ut
719 1276 960 1362 periclitareris,
985 1275 1124 1342 sediliis

163 1361 356 1446 actionibus,
380 1365 496 1450 quibus
520 1363 587 1430 iam
612 1362 784 1429 damnatus
808 1383 852 1430 es.

230 1451 313 1539 „Sed
337 1453 506 1519 absolutus
531 1474 612 1537 sum,
634 1452 750 1538 inquit,
772 1451 899 1518 tertio.“
929 1451 1125 1537 Viderimus,

163 1544 321 1628 quantum
343 1542 405 1608 hoc
433 1547 474 1608 ad
501 1541 641 1627 gloriam
663 1545 756 1606 tuam
778 1542 952 1626 pertineat:
986 1541 1126 1625 interim,
1147 1557 1179 1607 15

163 1629 336 1699 damnatus
359 1652 393 1696 es
418 1631 557 1716 saepius.
585 1630 708 1695 etenim
732 1629 771 1696 de
789 1631 971 1716 petulantia
988 1633 1047 1695 tua
1064 1629 1126 1696 hoc

163 1718 214 1785 illi
236 1719 334 1804 primi
357 1717 479 1785 iudices
504 1723 684 1803 senserunt,
705 1719 767 1785 hoc
790 1718 922 1785 secundi
941 1721 1127 1785 senscrunt:

162 1829 248 1874 nunc
276 1807 445 1874 absolutus
469 1828 512 1873 es.
562 1807 646 1872 nihil
669 1807 708 1872 de
731 1807 890 1894 religione
914 1829 1038 1892 eorum,
1071 1808 1127 1892 qui

142 1897 144 1901 ’
163 1897 465 1981 pronuntiaverunt,
488 1918 620 1981 querar:
644 1901 738 1962 erant
760 1901 885 1982 tamen,
909 1918 991 1981 quae
1013 1899 1048 1961 te
1072 1894 1128 1960 ad·

164 1985 323 2052 iuvarent
359 2007 426 2051 non
449 1984 531 2050 illud
554 1984 721 2051 dicebatur
744 1987 778 2050 in
801 1986 935 2051 iudicio:
964 2007 1054 2050 >non
1078 1987 1128 2050 cst
1147 1999 1180 2049 20

163 2072 218 2139 hic
240 2074 329 2158 talis,
351 2074 386 2139 in
409 2095 473 2159 quo
496 2074 681 2160 petulantia
703 2074 863 2140 credenda
886 2074 939 2160 sit,
961 2072 1127 2139 modestos

165 2181 272 2226 mores
294 2162 412 2247 habet,
434 2162 557 2227 nemini
579 2184 733 2248 umquam
755 2162 835 2229 fecit
857 2162 1040 2247 iniuriam«
1073 2162 1128 2226 sed

165 2247 333 2316 dicebatur
355 2248 449 2314 illud:
472 2271 561 2316 »non
582 2251 649 2318 iam
672 2251 864 2319 iniuriarum
887 2251 1009 2336 petitur
1031 2249 1127 2317 ultio:

165 2337 271 2422 capite
303 2338 545 2421 periclitaturus
578 2343 636 2406 est.
686 2340 814 2406 etiamsi
846 2339 923 2424 quid
954 2338 1129 2423 commisit,

168 2426 250 2492 satis
272 2429 382 2492 tamen
404 2446 583 2509 poenarum
601 2425 719 2491 cedia«
741 2428 813 2511 ipsa
830 2427 892 2494 hac
910 2427 1128 2496 sollicitudine
1148 2442 1181 2492 25

166 2513 452 2600 circumscripsisti
476 2514 731 2580 misericordiam
753 2515 908 2601 iudicum,
937 2517 966 2582 si
989 2516 1128 2582 alterum

165 2604 304 2672 occisuri
327 2607 428 2671 erant.
460 2657 462 2660 .
873 2607 880 2611 “

561 2777 736 2848 cubuc.

233 2905 273 2971 In
305 2927 432 2971 summa
467 2911 561 2990 parte
599 2904 839 2990 aestimabitur,
871 2903 924 2970 cui
945 2903 1071 2969 homini
1095 2905 1128 2968 et

167 2997 290 3080 quanta
313 2995 395 3058 ultio
418 2998 559 3080 petatur.
1149 3006 1183 3055 30

237 3173 253 3223 5
271 3166 413 3238 pericli
431 3174 455 3222 Α
469 3171 509 3240 116
527 3185 596 3224 num
609 3172 668 3238 n,
687 3184 756 3224 corr.
775 3166 841 3224 Aer.
874 3167 913 3236 ll
932 3165 976 3222 bis
994 3181 1044 3221 om.
1065 3151 1105 3219 Aa
1123 3165 1131 3237 ll

169 3243 202 3292 12
219 3240 252 3293 ut
269 3255 319 3295 orn.
338 3240 385 3310 Al
409 3243 516 3296 16-17
534 3243 585 3295 tua
603 3239 679 3310 quod
697 3237 742 3293 illi
759 3237 803 3294 Bo
817 3240 826 3309 l
840 3243 874 3293 23
893 3237 950 3294 iam
968 3238 1001 3293 iu
1018 3251 1074 3292 roe.
1094 3241 1130 3304 ³3

167 3311 249 3364 tanta
267 3309 305 3380 (l)
324 3314 372 3380 Ba,
390 3311 488 3368 tamen
506 3315 544 3366 Bb
558 3313 567 3382 l
582 3316 617 3368 28
635 3312 733 3366 Sermo
752 3325 802 3366 om.
821 3313 842 3363 B

222 3511 363 3563 cantuum
376 3513 441 3570 oeci,
454 3517 490 3559 aa.
505 3517 588 3563 arear.
936 3510 971 3559 20
