2668 3968
221 163 287 230 124
586 163 817 230 QUINTILIANI

221 329 429 394 cremandum
457 349 573 412 corpus
601 329 788 393 uuiversum
815 332 1024 412 putaverunt.
1074 330 1185 396 existi·

220 417 318 484 matis
336 418 444 482 locum
463 417 556 481 illurn
575 418 702 500 corpori
716 415 850 482 datum?
873 417 1001 481 fulmini
1016 417 1111 484 datus
1126 422 1185 486 est.

286 507 352 589 „At
369 509 529 590 tyrannus
546 504 683 571 fulmine
701 526 872 589 percussus
887 505 965 570 est.“
987 505 1060 571 Hoc
1077 508 1184 593 magis·

221 597 332 662 omnia
343 595 495 681 religiose
514 599 547 660 et
566 615 639 660 cum
659 617 736 660 cura
750 594 884 660 deorum
898 595 1003 659 facere
1019 595 1183 662 debemus.

185 699 201 748 t
287 682 369 766 „Sed
387 684 422 748 in
443 682 514 748 foro
534 683 708 767 sepelietur
725 681 924 766 tyrannus?“
939 685 1051 768 [quarn
1061 686 1182 769 magis]

221 771 304 837 mihi
325 773 411 837 inter
435 776 542 838 cetera
565 772 664 836 etiarn
687 773 749 837 hoe
773 792 900 855 quoque
945 773 1088 846 ruvinum
1112 793 1183 840 esse
1264 789 1268 794 '

222 860 292 926 fato
316 883 337 925 a
360 860 422 925 diie
445 857 672 926 inmortalibus
695 859 832 945 videtur,
856 795 944 945 quod
962 861 1012 926 illi
1035 862 1107 928 loeo
1131 863 1183 927 de·

219 949 360 1014 atinatua
390 953 448 1016 eet.
497 969 593 1014 nemo
625 949 708 1014 inire
736 949 844 1013 lorum
872 953 1020 1014 nostrum
1051 953 1184 1036 poterit,

222 1038 300 1122 quin
317 1037 428 1103 videat
446 1037 529 1102 illud
548 1039 738 1121 sepulcrum.
761 1039 911 1122 protinus
928 1037 1016 1103 enlm
1030 1043 1185 1124 aequatur

169 1142 202 1190 10
222 1127 376 1212 cogitatio
399 1147 531 1192 necesse
555 1130 618 1192 est:
641 1131 797 1211 tyrannus
820 1126 884 1192 fuit
907 1127 971 1211 ille,
994 1129 1027 1191 et
1048 1127 1185 1193 fulmine

189 1213 191 1218 ’
220 1215 304 1280 ictus
324 1218 382 1299 est,
406 1219 439 1280 et
456 1217 498 1280 ob
517 1214 580 1281 hoo
598 1236 719 1299 poenas
747 1214 807 1281 diis
829 1215 1068 1282 immortalibus
1087 1217 1185 1282 dedit.

221 1304 371 1388 quotiens
393 1303 510 1369 noxios
533 1305 620 1370 cruci
642 1305 784 1389 figimus,
807 1304 1033 1370 celeberrimae
1059 1305 1185 1390 eligun-

220 1395 275 1457 tur
301 1393 389 1478 viae,
417 1391 474 1457 ubi
501 1392 633 1476 plurimi
661 1393 794 1478 intueri,
825 1393 960 1478 plurimi
988 1395 1185 1460 commoveri

220 1480 284 1546 hoc
306 1483 394 1546 metu
417 1476 563 1566 possint]
599 1483 704 1547 omnis
728 1483 814 1548 enim
837 1503 943 1566 poena
964 1504 1030 1547 non
1052 1487 1120 1548 tarn
1144 1483 1186 1548 ad

170 1583 202 1633 15
221 1569 444 1653 <vin>dietom
467 1569 624 1655 pertinet,
648 1593 745 1656 quarn
769 1570 810 1636 ad
835 1571 1026 1658 exemplum.

611 1743 810 1814 CCLXXV.

404 1849 519 1920 Heres
543 1853 588 1920 ob
612 1849 818 1921 adulterum
841 1851 1007 1920 fratrem.

220 1958 289 2035 Qun
318 1976 363 2028 oa
391 1977 624 2026 anonrnnrun
647 1978 826 2027 Pnoonlnn
849 1978 1057 2043 noonrnnrr,
1083 1979 1184 2029 Iano-

309 2064 473 2116 nrnrosos
498 2066 563 2115 slr.
603 2049 709 2116 Maior
731 2050 833 2116 frater
855 2051 1016 2117 minorem
1039 2051 1073 2116 in
1096 2051 1185 2118 adul-

167 2149 202 2202 20
310 2139 394 2203 terio
422 2137 641 2221 deprehendit.
685 2161 746 2222 pro
769 2139 850 2222 <eo>
874 2144 1012 2225 rogante
1034 2143 1128 2225 patre
1153 2145 1186 2206 et

311 2225 549 2292 abdicationem
571 2227 639 2294 eius
664 2228 889 2313 promittente,
917 2227 1050 2295 dimisit.
1096 2229 1185 2294 abdi-

311 2319 402 2380 catus
422 2317 472 2380 eet
492 2315 627 2381 adulter.
650 2319 780 2382 mortuo
798 2320 892 2402 patre
911 2318 1062 2383 inventus
1080 2317 1186 2402 beree,

313 2404 369 2488 qui
391 2403 662 2489 deprehenderat:
686 2405 923 2491 ignominiosus
946 2405 1084 2472 dicitur„

530 2526 872 2618 ,ononnnnrro

168 2663 202 2714 2⁶
290 2632 361 2710 Qui
393 2635 597 2719 pecuniam
629 2636 675 2701 ob
710 2635 946 2702 adulterium
978 2637 1185 2721 acceperit,

221 2722 511 2807 ignominiosus
534 2723 593 2788 sit
625 2723 720 2789 Hane
743 2724 850 2810 legem
870 2725 1024 2790 adversus
1048 2746 1102 2791 eos
1120 2726 1185 2809 pri·

221 2829 311 2874 mum
334 2811 546 2875 constitutam
568 2831 641 2876 esse
665 2812 751 2897 dieo,
781 2813 837 2898 qui
860 2815 1030 2899 pecuniam
1054 2834 1184 2899 accepe-

220 2901 311 2981 runt,
338 2901 375 2963 ut
403 2898 597 2964 adulterium
625 2901 897 2986 committeretur,
929 2903 1065 2986 ideoque
1092 2903 1184 2988 igno-

221 2985 356 3052 miniam
380 2986 577 3073 adiunctam,
600 2989 686 3074 quod
709 2989 895 3056 viderentur
916 3013 985 3056 rem
1008 2991 1122 3058 fecisse
1139 2992 1183 3056 le-

294 3115 308 3164 1
328 3108 490 3164 existimans
504 3111 534 3178 B,
554 3110 746 3166 adsumamus
758 3113 833 3182 l’lt
852 3129 936 3181 quarn
955 3119 1047 3179 om.1’;
1066 3112 1184 3182 *[quam

219 3179 338 3252 magie];
357 3180 406 3235 ubi
423 3181 535 3252 magde?
555 3179 604 3249 Gr,
629 3183 691 3252 quis
710 3184 820 3252 magle?
838 3184 882 3239 Ro
896 3185 906 3254 11
926 3191 941 3240 7
958 3184 1035 3238 lacto
1054 3187 1119 3236 Aeli
1137 3184 1181 3253 118

219 3253 315 3322 potest
332 3253 391 3321 AB,
410 3267 479 3309 corr.
498 3250 542 3308 Ro
554 3253 595 3322 19
613 3253 694 3308 illurn
713 3258 754 3307 Aa
766 3255 777 3325 11
789 3272 831 3324 pr.
851 3271 915 3311 eum
934 3271 1010 3323 aequ.
1030 3260 1127 3310 aanor
1140 3257 1184 3310 irr-

220 3326 308 3376 ccrtae
326 3339 371 3391 cp.
393 3323 431 3377 Pi
444 3324 454 3394 11
467 3328 499 3376 11
518 3337 621 3392 penam
639 3327 731 3468 Blpw
751 3325 859 3380 dietum
876 3330 936 3394 AB,
955 3341 1023 3380 corr.
1034 3325 1117 3391 Rom
1135 3326 1183 3380 de-

218 3391 318 3446 lictum
336 3393 394 3448 Aer
410 3394 423 3463 ,11
445 3405 477 3450 Ν
498 3399 521 3446 Δ
542 3397 551 3465 11
571 3399 606 3448 20
624 3393 679 3467 <eo
722 3395 759 3450 Pi
779 3398 837 3468 1123
856 3395 1074 3467 deprehenditur
1091 3397 1184 3468 Bfltt

220 3461 284 3521 adv.
304 3464 347 3518 eet
364 3481 406 3533 pr.
425 3469 467 3518 Aa
480 3466 489 3534 11
503 3470 537 3520 26
557 3464 619 3521 dico
638 3481 688 3521 om.
707 3470 728 3518 B
1173 3489 1176 3496 ·
