2668 3968
606 167 838 234 oornrnnrr
893 147 896 153 ’

611 328 838 398 ocnxvm.

411 451 560 540 (lrotor,
582 453 762 540 melicus,
785 451 1037 538 philosophus.

243 577 452 647 Contendnnt
478 583 603 664 orator,
625 579 784 664 medicus,
805 577 1021 663 philosophus
1045 575 1085 642 os
1107 577 1204 644 bonis

330 668 444 753 petris,
462 670 519 753 qui
537 671 734 736 testamento
753 689 827 732 enm
845 665 998 732 heredem
1015 666 1203 751 reliquerat,

207 773 223 822 c
332 757 388 843 qui
410 778 446 824 se
467 757 641 844 probasset
664 756 804 842 emplius
827 754 980 841 prodesse
1003 754 1136 832 civibus.
1167 849 1171 856 Ι

558 931 890 1000 DncLAMATIO.

309 1054 378 1124 Lex
401 1057 618 1126 contentionis
642 1062 676 1123 et
697 1055 839 1123 formula
858 1059 891 1122 et
910 1076 1006 1122 omne
1023 1055 1205 1142 praescrip·

244 1149 314 1212 tum
347 1169 387 1212 ex
418 1149 615 1213 testamento
647 1147 753 1231 patris
782 1145 914 1232 pendet:
952 1144 1041 1210 cuius
1064 1144 1115 1209 vis
1138 1145 1204 1210 non

245 1239 294 1300 est
317 1257 365 1317 ee,
388 1239 425 1300 ut
448 1239 631 1322 quaeratur,
655 1256 737 1320 quae
755 1233 916 1319 professio
935 1254 974 1298 ex
991 1233 1113 1300 nostris
1133 1255 1205 1319 spe·

191 1341 226 1391 1ο
244 1323 426 1390 oiosiesims
453 1323 664 1412 (quamquem
692 1324 739 1389 sic
767 1344 896 1410 quoque
922 1318 1114 1409 vincerem),
1146 1321 1204 1387 sed

245 1433 326 1498 quoe
345 1413 482 1516 'civitati
511 1414 556 1478 sit
578 1413 764 1516 utilissime„
808 1411 892 1476 nihil
906 1415 966 1514 'est
989 1430 1083 1496 ergo,
1116 1410 1203 1495 quod

242 1500 1204 1676 ttttJttlttlfhltflltttltttutrtttt

244 1677 361 1765 sophie
378 1699 431 1744 res
451 1700 590 1745 summe:
609 1677 651 1743 ed
668 1699 791 1765 paucos
809 1677 964 1762 pertinet3
988 1679 1034 1742 sit
1051 1676 1204 1764 eloquen-

192 1783 225 1832 15
243 1766 292 1832 tis
323 1787 376 1832 res
410 1766 623 1833 admirabilis:
656 1787 723 1832 non
749 1765 898 1851 pluribus
928 1765 1072 1850 prodest,
1105 1787 1204 1850 quem

243 1859 348 1921 nocet.
378 1855 449 1921 sols
472 1859 523 1920 est
544 1854 714 1940 medicine,
737 1877 800 1940 que
819 1876 900 1939 opus
921 1854 964 1920 sit
982 1855 1142 1922 omnibus.
1171 1858 1205 1921 et

242 1947 372 2028 petrem
395 1965 522 2030 quoque
539 1948 689 2010 nostrum
708 1944 742 2009 id
760 1943 912 2027 voluisse,
934 1942 1083 2028 uthans,
1106 1964 1203 2096 (pem

243 2032 278 2096 in
301 2033 509 2098 contentione
537 2032 707 2118 reliquisse
730 2033 871 2119 ridetur,
897 2035 1112 2118 partemque
1136 2054 1204 2096 sm·

243 2120 340 2186 modo
363 2120 490 2187 civitati
514 2122 616 2206 daret,
637 2121 847 2188 menifestum
870 2125 930 2186 est.
965 2141 1031 2186 non
1055 2119 1119 2187 sihi
1139 2119 1204 2186 uti·

191 2227 226 2276 so
244 2207 421 2295 lissimum,
451 2231 518 2276 non
546 2208 657 2276 amicis
684 2208 910 2296 utilissimum,
940 2230 1008 2274 non
1039 2208 1078 2274 de
1108 2211 1204 2294 petre

244 2298 366 2382 optime
386 2299 556 2364 meritum:
582 2299 713 2387 proprie
736 2298 813 2384 quid
835 2298 919 2363 ferre
943 2319 982 2362 ex
1004 2301 1203 2364 testamento

244 2406 302 2452 suo
330 2386 449 2472 voluit,
484 2387 541 2472 qui
568 2388 669 2454 fuerit
695 2387 786 2453 utilis
810 2387 945 2452 civitati.
991 2406 1069 2472 ergo
1094 2391 1127 2452 et
1149 2406 1205 2451 se·

244 2473 385 2560 qualiter
412 2476 455 2542 ed
482 2498 593 2542 omnes
616 2476 778 2543 medicine
801 2475 871 2542 sols
893 2476 1035 2560 pertinet
1058 2480 1091 2541 et
1112 2473 1205 2540 nulls
1322 2511 1323 2556 4

242 2566 313 2629 tem
341 2566 526 2632 necessaris
553 2569 603 2630 est
630 2565 719 2632 omni
747 2565 859 2649 generi
889 2564 1072 2648 hominum,
1103 2581 1204 2648 quem

190 2668 224 2719 25
242 2652 411 2719 medicine.
447 2653 588 2740 Reliqua
610 2652 822 2728 conferemus.

309 2741 359 2806 Ae
381 2740 463 2806 mihi
485 2743 627 2827 primum
651 2740 812 2826 egendum
835 2744 886 2807 est
909 2739 1106 2808 cumfratre
1128 2738 1204 2825 phi-

241 2829 392 2913 losopho,
415 2829 507 2895 euius
530 2851 591 2916 ego
613 2829 650 2895 in
671 2829 831 2896 hodierne
853 2829 1061 2896 contentione
1082 2850 1204 2913 propo-

242 2916 342 2981 situm
365 2916 478 2982 mirsri
492 2919 583 2984 estis
606 2939 672 2985 nen
694 2939 838 3004 possum.
867 2917 949 2983 nihil
969 2919 1056 2984 enim
1074 2917 1205 2983 videtur

315 3073 429 3143 tprob.
449 3089 524 3144 emp.
542 3074 650 3149 pbssse
668 3075 721 3131 civ.
740 3079 777 3145 Δ,
802 3075 935 3146 prodesse
953 3075 1038 3145 ampl.
1056 3071 1206 3144 probasset

241 3143 334 3201 ein!
357 3145 367 3214 ss
390 3151 406 3200 9
425 3162 497 3214 quse
514 3145 653 3216 professio
672 3149 762 3202 om]
785 3147 795 3216 l
819 3152 849 3199 11
868 3144 925 3200 sint
942 3149 965 3199 Α
984 3149 988 3216 Ι
1012 3151 1045 3200 12
1064 3143 1137 3201 nihil
1155 3161 1202 3214 qn.

241 3215 279 3270 sd
296 3216 401 3271 emices
420 3232 484 3271 suos
501 3218 523 3272 t.
540 3216 592 3273 ref.
611 3215 655 3272 Ro
677 3218 687 3287 l
710 3223 743 3272 13
762 3215 961 3272 hominibus?
1007 3216 1045 3271 sit
1062 3231 1111 3272 oss.
1129 3219 1174 3268 10
1199 3216 1203 3286 l
1320 3265 1321 3278 ,

243 3291 276 3340 16
294 3291 405 3355 quse!
429 3289 438 3358 l
460 3293 494 3343 st
518 3286 663 3358 proprium
686 3289 925 3375 osetofflsscsstss
947 3304 992 3358 op.
1012 3287 1064 3354 Ps',·
1094 3301 1166 3356 prop

240 3373 285 3429 Ro
298 3375 308 3443 l
322 3379 356 3438 26
371 3377 415 3430 est
428 3375 567 3431 confratre
581 3381 599 3428 0
612 3377 622 3446 ss
636 3382 670 3433 28
689 3375 763 3431 enim
782 3376 815 3431 ht
831 3393 862 3431 re
879 3375 950 3445 phil.
968 3382 1002 3443 Ι,
1021 3375 1096 3430 enim
1115 3374 1204 3431 hebet

239 3444 270 3499 in
287 3444 335 3515 ph.
354 3450 383 3515 r,
402 3445 477 3501 enim
495 3445 583 3501 hebet
600 3447 646 3516 ph.
668 3453 685 3499 o
