2682 3956
371 125 689 185 nuononnulonns.
707 126 898 185 cccnnxlx.
1044 130 1110 200 423

147 287 257 375 fuerit,
279 292 479 356 testamento
500 289 681 374 perdemus.
717 289 857 356 abdiooe
898 292 1029 359 amavit
1052 313 1110 376 po·

147 379 241 445 tari?
266 383 299 446 et
320 379 461 444 fortasse
483 378 549 446 ista
572 377 712 446 donasti.
741 379 827 444 tenti
848 379 999 463 supplicii
1023 379 1110 464 quod

147 468 271 534 erinon
292 467 362 532 est?

214 553 314 640 „an
336 555 475 638 indices,
497 555 617 640 inquit,
641 555 719 639 quid
742 556 871 625 Locutus
895 554 970 622 sis.“
1006 554 1109 639 Finge

146 645 249 711 nolle:
272 645 357 712 lieet
380 643 592 728 magistratus
615 663 681 710 non
703 643 815 733 exigit,
835 645 945 729 putria
967 665 1034 710 non
1058 661 1144 712 err-o

144 734 225 820 igin
257 733 285 798 si
315 733 512 817 proditorem
538 735 650 818 putas,
682 754 806 803 aoousa
851 737 930 804 sunt
951 731 1109 818 quaedam

147 827 282 908 seurota,
300 820 432 908 iudioes,
456 824 489 887 et
507 821 608 888 enimi
625 825 798 905 parentum
816 822 963 906 imperiis
981 824 1108 891 vaeuut.

497 1029 752 1101 ooonxxlx.

226 1157 335 1226 Divos
358 1176 379 1223 o
401 1155 562 1241 parasito
586 1157 761 1238 suorilogo
783 1174 868 1226 rous
891 1157 1021 1228 coedis.

143 1283 274 1369 Pauper
302 1286 336 1348 ot
363 1282 454 1348 dives
478 1281 611 1346 inimici.
657 1281 744 1348 dives
767 1303 943 1366 pauperem
964 1283 1106 1368 quodem
1126 1300 1159 1350 10

233 1377 381 1457 tempore
411 1392 485 1436 oum
516 1391 616 1436 uxore
647 1370 789 1436 oeoisum
818 1371 923 1454 (sub)
954 1369 1107 1439 adulterii

234 1461 368 1527 erimine
395 1459 430 1523 in
453 1458 621 1541 publicum
645 1458 771 1524 abiecit.
816 1463 931 1543 posteo
954 1459 1106 1526 dimissus

233 1550 275 1615 ab
299 1571 338 1614 eo
361 1549 538 1632 parasitus,
564 1547 600 1612 in
623 1547 795 1631 sacrilegio
819 1545 1052 1634 deprehensus,
1088 1571 1105 1614 e

232 1639 305 1730 lege
326 1639 435 1703 tortus
458 1637 542 1701 inter
565 1635 630 1701 alia
652 1635 743 1721 dixit,
766 1659 786 1702 a
809 1636 909 1702 divite
927 1659 1104 1722 pauperem

230 1724 519 1882 {liffefflmifflm
540 1724 661 1791 iniuria
685 1726 836 1792 oeoiourn.
882 1725 972 1792 dives
996 1727 1103 1793 coedis
1124 1740 1159 1791 15

448 1989 789 2058 DEOLAMATIO.

15 2163 17 2176 .
212 2115 281 2181 Reo
305 2115 412 2179 eoedis
437 2115 514 2199 quid
537 2115 699 2180 obicitur?
726 2116 922 2200 petulantia,
949 2117 1103 2201 improbi-

15 2207 17 2242 ³
141 2211 204 2290 tas,
227 2203 504 2292 oiroumseriptio?
526 2202 593 2268 iota
613 2225 656 2268 no
673 2203 798 2288 pauper
815 2204 946 2288 quidem
966 2205 1101 2270 obiecit:

142 2315 201 2359 neo
227 2291 336 2378 potuit
360 2291 464 2361 latere
492 2294 568 2358 ante
596 2295 669 2356 aeta
695 2292 764 2360 vito
786 2292 847 2357 sub
871 2293 1030 2360 eiusmodi
1052 2294 1102 2359 in-
1120 2308 1156 2358 20

141 2383 248 2466 imieo,
272 2401 368 2465 quem
390 2400 492 2464 usque
516 2400 553 2445 eo
577 2379 802 2446 vehementem
826 2379 948 2466 dicitis,
969 2385 1007 2447 ut
1029 2403 1103 2448 mee

140 2493 240 2537 manu
263 2471 350 2534 esset
370 2467 576 2552 iugulandus.
856 2489 863 2502 ·

209 2557 271 2626 Sed
294 2557 463 2624 inimioum
486 2555 610 2623 oooidi?
632 2556 750 2642 quem?
772 2578 959 2642 pauperem,
983 2558 1038 2642 qui
1056 2559 1102 2623 ni·

140 2649 189 2715 hil
210 2649 245 2714 in
268 2647 366 2732 ouria,
383 2645 468 2712 nihil
491 2646 526 2710 in
544 2645 696 2711 contione
714 2647 852 2730 poterat.
879 2645 1005 2726 inimioi
1023 2652 1101 2712 sunt
1136 2669 1139 2672 ·

140 2760 180 2803 ex
203 2737 284 2822 peri
322 2735 378 2801 aod
400 2739 481 2819 puta
503 2734 672 2800 inimicum
695 2733 810 2800 fuisse:
833 2734 948 2808 stetim
961 2734 1011 2800 ad
1029 2757 1100 2802 oae-
1119 2748 1155 2800 25

140 2825 213 2890 dem
237 2824 487 2908 confugiendum
511 2823 582 2888 est?
604 2823 778 2889 verborum
801 2823 1026 2890 contentiones
1050 2846 1099 2890 ar·

141 2914 204 2979 mis
226 2911 405 2978 finiuntur?
430 2912 530 2977 etiam
552 2910 703 2978 hostibus
721 2912 873 2996 parcitur.
904 2910 1025 2978 Caesar
1040 2911 1099 2978 Ou-

138 3002 211 3068 toni
237 3001 342 3066 voluit
368 3001 546 3085 ignoscere
591 3000 717 3066 Deinde
744 3021 818 3070 moa
840 3023 940 3066 manu
963 3000 1097 3066 oooido?

138 3095 207 3156 tom
236 3088 363 3156 efferati
390 3087 491 3154 animi
521 3089 615 3153 sum?
650 3111 718 3154 non
747 3110 906 3155 venenum
936 3092 999 3174 est,
1031 3110 1099 3154 non

210 3269 228 3318 4
246 3261 383 3334 quidquid
401 3263 447 3332 ΑΙΙ
463 3267 494 3317 11
514 3261 735 3335 <oub>But19
755 3263 839 3331 quide
857 3267 881 3316 Δ
893 3264 903 3334 [Ι
917 3268 950 3318 22
969 3261 1098 3333 iugulan-

137 3334 242 3390 dumn
265 3338 275 3404 ΙΙ
297 3341 332 3392 24
354 3333 534 3390 contentione
556 3337 577 3385 B
599 3335 609 3405 fl
632 3335 796 3390 noestam.
815 3338 837 3388 B
858 3335 867 3404 ΙΙ
890 3338 925 3394 28
943 3333 1016 3391 dede
1034 3335 1100 3390 mot.

137 3410 162 3460 Δ
175 3407 185 3475 ΙΙ
198 3411 232 3460 29
251 3404 380 3463 offerenti
397 3410 433 3474 Δ,
451 3404 562 3461 efferoei
580 3411 600 3458 1³
