2670 3962
363 155 684 215 DECLAMATIONES.
703 153 868 214 ccxcvm.
1032 155 1098 220 175

137 321 192 407 qui
219 321 372 406 patiaris,
404 320 490 406 quod
520 320 581 387 vis.
629 319 720 387 Haec
747 319 901 402 dicerem,
932 317 1096 384 si'tecum

137 411 283 495 asperius
302 410 544 476 contenderem:
562 429 649 475 nunc
666 413 741 474 unte
761 408 870 474 omniu
885 405 1096 491 reipublicae

136 501 297 581 ouusn[m]
320 501 430 564 tecum
453 518 526 583 ego.
571 519 710 584 aequum
733 500 792 581 est,
815 497 922 563 salros
946 517 1016 561 esse
1033 495 1095 562 hos

134 588 249 654 oculos
269 592 303 652 et
319 587 513 654 incolumes:
536 586 641 652 multu
659 585 810 651 adfenmt
822 606 926 668 casus,
942 583 1095 670 frequens

134 676 258 742 bellum
285 679 343 742 est
389 676 587 761 Detegemus
614 675 676 740 tibi
704 674 803 740 etism
834 673 931 738 huius
963 672 1131 740 mulier-5
1158 750 1164 760 J

134 765 228 830 culce
251 763 411 848 adfectus,
437 786 501 850 quo
524 764 630 850 magis
652 767 686 828 te
708 784 778 830 rem
800 767 870 828 tum
893 782 1026 848 gravem
1048 762 1095 827 fe·

132 853 218 919 cisse
238 853 412 939 poeniteat
447 853 529 919 hoec
551 873 720 919 excaecare
737 857 771 918 te
792 872 858 918 non
881 850 999 935 potuit.
1029 871 1094 916 me

133 942 231 1009 minit
248 946 434 1027 temporum
452 942 664 1026 superiorum,
687 941 836 1007 meminit
853 938 994 1024 illumm,
1012 961 1093 1024 quas

134 1031 309 1115 aliquando
328 1052 514 1097 communes
532 1029 698 1115 habuistis,
711 1029 927 1115 voluptatum,
944 1027 1094 1094 meminit

134 1120 257 1185 amoris
278 1120 337 1185 tui.
367 1119 467 1205 digne
488 1122 548 1203 est,
570 1119 621 1185 cui
640 1140 772 1184 manum
790 1116 984 1184 commodes.
1016 1138 1093 1182 nam
1113 1133 1149 1184 ιο

131 1207 166 1272 id
189 1229 315 1295 qnoque
338 1208 390 1275 lex
410 1208 588 1274 iustissime
607 1207 787 1291 constituit,
809 1209 955 1292 praestet
973 1206 1093 1290 oculos,

132 1296 190 1381 qui
216 1297 349 1381 eruerit,
376 1301 409 1363 et
440 1298 476 1362 in
494 1296 606 1383 ,ricem
638 1300 805 1362 erutorum
836 1295 995 1359 luminum
1021 1295 1093 1379 ipse

132 1385 294 1451 succedet
336 1385 404 1472 „At
429 1385 515 1451 enim
542 1385 621 1452 forti
648 1385 719 1450 viro
747 1388 843 1468 turpe
866 1387 918 1448 cst
939 1382 1001 1448 hoc
1024 1382 1093 1446 offi-

131 1473 218 1539 cium
242 1474 378 1540 subire.“
424 1473 555 1542 Scilicet
577 1473 638 1538 ills
659 1473 862 1557 honestiora,
889 1469 1092 1537 debilitutem

130 1561 216 1646 poti,
247 1565 280 1628 et
301 1563 420 1644 †ferre
446 1563 585 1628 infestos
611 1561 834 1640 numinibus†
862 1559 981 1626 oculos.
1025 1578 1092 1624 non
1111 1575 1147 1628 15

121 1651 194 1715 *erit
224 1651 303 1717 tulis
333 1652 398 1719 ists
427 1651 590 1735 debilitas,
623 1650 727 1736 qualis
757 1654 857 1733 esset,
889 1648 918 1714 si
940 1647 1032 1714 illem
1056 1647 1092 1711 in

130 1740 201 1805 acie
223 1760 340 1823 pessus
364 1762 460 1807 esses.
504 1746 555 1824 tu,
582 1741 637 1824 qui
658 1761 789 1806 recusus
811 1738 876 1803 dux
898 1758 969 1802 esse
991 1756 1091 1801 mere·

128 1828 236 1913 tricis,
262 1850 330 1896 uon
356 1830 482 1916 cogites
509 1829 668 1913 futurum,
695 1832 733 1894 ut
759 1827 821 1893 tibi
849 1826 935 1892 oculi
958 1827 1092 1911 propter

128 1917 334 1984 meretricem
353 1918 530 1983 eruuntur?
548 1938 662 1983 verum
679 1920 823 1982 meretur
836 1915 890 1981 hic
904 1916 974 2000 ipse
988 1913 1092 1998 pudor

127 2009 216 2092 tuus,
237 2010 372 2093 propter
395 2028 491 2091 quem
514 2027 686 2093 parcamus
708 2004 811 2072 oculis
833 2004 909 2070 tuis.
1078 1996 1082 2008 '
1111 2019 1146 2070 20

491 2215 716 2286 OGXOVIIL

414 2340 587 2408 Rusticus
609 2340 802 2424 parasitus.

126 2465 284 2532 Rusticus
306 2463 488 2550 parasitum
511 2464 613 2529 filium
638 2463 775 2530 abdicat
809 2463 866 2528 ille
889 2460 924 2528 Ο.
940 2462 978 2529 Ι).

438 2638 778 2708 DECLAMA'I'IO.

193 2765 271 2833 Non
292 2766 423 2852 ignoro,
449 2765 584 2848 iudices,
612 2786 809 2850 quamquem
834 2785 902 2830 nou
924 2787 945 2830 s
967 2764 1090 2831 forensi
1109 2815 1145 2865 25

127 2855 336 2923 contentione
364 2854 483 2940 solum,
513 2855 569 2920 sed
597 2855 639 2921 ub
666 2854 818 2920 universa
846 2852 989 2919 civitatis
1018 2874 1090 2919 oon-

126 2943 312 3010 versntione
330 2942 427 3032 longe
445 2945 600 3028 remotus,
612 2942 674 3009 hoc
687 2942 861 3030 praecipue
875 2941 945 3006 fieri
958 2942 1090 3008 miseru-

199 3088 215 3138 3
235 3082 375 3154 ouuso[m]
394 3081 439 3138 Ro
457 3082 482 3137 rt
498 3081 540 3136 Ili
565 3083 575 3151 1
602 3097 703 3150 equom
721 3084 744 3134 A
766 3083 776 3152 11
800 3079 931 3135 hosculos
949 3082 1002 3145 Δις
1025 3082 1090 3133 tuos

126 3154 224 3210 oculos
238 3152 276 3224 (?)
290 3152 335 3208 Ro
348 3153 387 3222 111
406 3153 477 3207 hsec
490 3169 586 3208 occure
600 3156 641 3205 As
654 3152 663 3220 11
676 3151 792 3206 memini
804 3155 882 3204 3-2
895 3152 935 3220 18
953 3149 1034 3218 qussi
1052 3148 1089 3203 ul.

126 3231 158 3292 A,
176 3223 240 3298 quis
254 3224 295 3279 ul.
313 3228 334 3276 B
353 3225 392 3294 119
410 3223 511 3279 hebuit
528 3227 590 3292 An,
609 3239 679 3278 corr.
697 3222 742 3278 Ro
755 3223 765 3291 11
777 3222 923 3292 voluptate
941 3220 1042 3290 B-Plt
1057 3225 1089 3274 12

126 3295 189 3351 rice
206 3296 372 3351 meritorum
390 3298 411 3346 B
433 3296 444 3366 1
468 3300 503 3348 14
521 3294 613 3349 silicet
630 3296 661 3363 A,
680 3293 790 3348 scilicet
808 3293 875 3348 etl!
902 3293 912 3360 1
940 3296 973 3345 15
996 3291 1016 3348 f.
1039 3291 1089 3346 inf.

127 3366 256 3422 omnibns
270 3365 320 3432 Gr,
338 3365 358 3420 f.
372 3364 497 3422 defectos
510 3365 663 3420 luminibus
677 3363 741 3432 Set,
759 3379 855 3420 eruere
869 3363 919 3418 inf.
932 3380 1008 3417 num.
1022 3361 1067 3418 Ro
1079 3361 1091 3434 11

129 3443 162 3494 18
179 3437 220 3492 ibi
239 3438 332 3506 Alltt
352 3435 467 3492 sbdioct
477 3434 572 3509 1111111111
586 3453 610 3490 c.
629 3436 656 3490 d.
675 3438 698 3488 A
