2682 3956
214 79 281 144 408
577 77 811 144 QUINTILIANI

214 242 275 306 filii
306 245 414 307 cessat
437 241 602 307 officium?
653 241 750 326 „Non
773 240 910 328 optasti,
939 241 1059 327 inquit,
1091 241 1179 324 quod

214 330 332 396 volui.“

174 489 177 494 ,
282 419 354 485 Iam
378 419 504 485 excedis
526 420 634 504 legem
656 421 761 484 tuam:
789 422 884 503 pater
905 419 973 483 filio
997 418 1095 482 debes
1118 419 1178 482 im-

214 529 344 594 perare,
380 509 460 574 forti
490 530 559 575 non
586 512 690 592 potes.
744 511 838 592 potes
869 506 1178 592 peregrinationem,

180 604 311 683 apotes
341 599 508 663 militiam:
536 598 593 662 sed
614 618 681 661 non
703 596 900 661 sententiam
923 596 1079 679 iudioi[i],
1110 618 1179 661 non

216 687 381 752 decretum
412 687 639 771 magistratus,
671 707 738 750 non
766 685 948 771 praemium
972 685 1060 752 forti.
1102 685 1179 770 quid

216 776 303 840 enim
326 777 379 840 lex
403 775 470 840 ait?
511 774 651 839 »fortis
683 778 824 858 optet«.
869 796 921 838 me
953 774 1117 852 nominat,
1145 777 1179 838 et

216 885 356 949 aequam
388 869 440 929 est
468 864 531 929 hoc
562 862 644 928 mihi
674 863 875 948 contingere:
906 863 1060 947 pugnavi.
1105 883 1179 928 cum

217 973 281 1037 quo
300 952 382 1017 mihi
400 974 451 1016 res
471 951 544 1017 est?
568 972 640 1016 cum
659 955 766 1036 patre:
790 973 857 1016 nou
875 955 926 1016 est
944 951 1182 1017 contumaciter

164 1059 198 1108 ιο
217 1040 387 1126 agendum.

283 1127 356 1215 Ego
383 1150 459 1195 vero
488 1129 587 1194 etiam
615 1129 677 1193 viri
708 1128 804 1194 fortis
826 1128 1005 1213 optionem
1036 1129 1181 1211 remitto,

217 1219 246 1283 si
270 1239 409 1302 aequum
431 1217 527 1302 petis.
564 1217 642 1303 quid
664 1216 798 1302 petisti?
825 1222 863 1282 ut
886 1218 1099 1284 abolitionem
1122 1239 1179 1302 op-

215 1310 330 1375 tarem.
380 1311 543 1373 memento
566 1329 633 1371 nou
656 1307 773 1390 omnia,
796 1311 902 1390 pater,
924 1329 984 1371 nos
1006 1327 1103 1391 posse
1126 1328 1180 1392 pe-

217 1400 299 1462 tere:
331 1396 512 1479 praemium
546 1395 735 1479 accipimus,
775 1418 842 1459 non
874 1417 1018 1481 rognum.
1072 1395 1181 1460 nescis

165 1501 198 1550 15
218 1489 375 1637 quantum
406 1485 450 1550 sit
477 1484 691 1550 abolitionem
719 1489 842 1568 petere:
873 1485 1056 1550 accusatori
1084 1483 1181 1548 silen-

218 1575 301 1638 tium
319 1574 468 1658 indicere,
491 1595 583 1638 reum
603 1574 752 1658 eximere,
774 1573 865 1656 leges
884 1574 1011 1638 tollere.
1041 1595 1102 1637 nee
1119 1595 1180 1658 pro

217 1666 251 1726 te
279 1663 456 1727 tenuissem
480 1665 514 1726 et
535 1663 717 1746 praemium
740 1662 962 1745 perdidissem.
1008 1660 1181 1727 sedonius

219 1751 454 1816 abolitionem?
476 1751 632 1836 „meam,“
653 1752 767 1837 inquit.
811 1750 1070 1816 animadvertitis
1102 1771 1181 1834 quo-

219 1839 391 1905 dammodo
424 1840 591 1924 parricidii
623 1861 723 1904 reum.
769 1860 867 1925 agam
904 1841 1013 1924 potins
1037 1860 1180 1904 oausam.

165 1943 199 1994 ιο
218 1927 290 1994 Ηοο
304 1931 306 1937 ’
322 1927 504 2012 praemium
534 1928 675 2014 primum
707 1931 803 2012 turpe
831 1932 895 2011 est;
927 1926 1041 1994 deinde
1071 1949 1180 2012 super-

217 2038 365 2082 vacuum.
410 2020 516 2101 turpe:
551 2017 751 2082 damnaberis
784 2021 841 2082 tuo
865 2017 986 2083 iudicio
1009 2018 1043 2082 in
1065 2038 1180 2101 perpe·

216 2107 318 2172 tuum.
365 2109 487 2191 quanto
521 2106 652 2190 gravius
681 2109 732 2170 est
760 2102 780 2170 a
810 2127 845 2170 se
869 2106 1027 2172 damnari!
1069 2109 1182 2170 tamen

218 2195 276 2259 alii
304 2201 441 2279 possunt
471 2196 589 2275 dicere,
621 2195 751 2278 ›gratia
773 2195 853 2259 victi
877 2215 1019 2260 sumus«.
1065 2194 1181 2258 deinde

219 2305 467 2368 supervacuum:
497 2285 653 2348 innocens
684 2305 765 2348 eras.
811 2286 866 2368 „at
894 2285 979 2348 enim
1009 2283 1106 2347 dubia
1130 2286 1182 2347 est

165 2387 200 2438 25
218 2373 330 2437 iudicii
357 2371 517 2438 fortuna.“
562 2371 619 2435 sed
646 2373 743 2437 nobis
771 2393 836 2436 non
859 2372 1012 2436 timenda.
1058 2371 1180 2436 diluen-

218 2461 295 2527 dum
328 2461 481 2526 iudicium
515 2464 577 2524 est:
611 2460 689 2544 <ιιι>
723 2459 846 2524 invidia
877 2464 1005 2525 tantum
1035 2459 1181 2526 criminis
1267 2541 1269 2544 Ι
1325 2533 1326 2558 ἶ

219 2549 338 2615 fiducia
366 2552 437 2614 erat
461 2548 552 2613 etin
576 2549 694 2615 timore
716 2554 782 2614 tuo.
828 2548 938 2632 itaque
962 2552 1182 2633 apparuerunt

219 2638 379 2703 iudicibus
402 2658 468 2702 una
491 2637 601 2702 omnia
619 2641 653 2702 et
674 2637 798 2720 profuit
820 2637 897 2722 tibi,
921 2637 1006 2721 quod
1031 2637 1181 2702 abolitio·

219 2748 296 2792 nem
319 2748 385 2790 non
408 2726 531 2810 optavi:
556 2727 708 2811 apparuit
729 2731 817 2790 certa
836 2726 1040 2791 innocentiae
1054 2726 1181 2791 fidncia.

165 2832 201 2881 30
287 2813 377 2898 Ergo
407 2815 601 2880 advocatum
630 2820 722 2879 taum
747 2814 891 2897 abdicas,
920 2815 1113 2899 participem
1136 2815 1183 2879 la·

290 3013 339 3062 3-
344 3012 362 3060 4
384 3006 537 3088 impetrare
560 3010 580 3058 B
603 3008 613 3074 fl
636 3009 652 3058 ὅ
676 3005 866 3060 sententias!
888 3007 898 3074 ll
921 3005 1109 3061 5-61udicn
1126 3022 1183 3060 non

218 3079 363 3134 decretam
382 3077 564 3146 magistratus
581 3081 646 3144 n,
666 3093 735 3132 corr
754 3077 813 3133 edd.
828 3079 867 3143 ιι
889 3081 969 3146 optes
987 3082 1007 3129 1²
1029 3079 1039 3146 fl
1064 3082 1182 3131 11vero

218 3165 269 3204 om.
288 3154 309 3203 B
328 3151 337 3218 l
357 3155 390 3203 12
410 3148 508 3204 obolit
488 3152 593 3204 tronem
611 3152 635 3200 Δ
648 3147 657 3218 ΙΙ
677 3155 710 3202 15
730 3146 935 3202 absolutionem
953 3145 1183 3218 Plaeousatoris

217 3222 310 3289 1111ss
329 3237 410 3291 reges
428 3221 491 3289 Δαῃ
507 3226 538 3273 17
556 3218 694 3274 tenuisset
711 3222 751 3270 Ab
764 3219 820 3361 'bm
842 3217 1017 3274 damnaveris
1036 3222 1093 3282 ΑΒ,
1112 3234 1182 3276 corr.

218 3292 285 3371 der,
303 3290 694 3360 sortasse*damnareris1126
713 3287 763 3362 <in
804 3288 844 3343 Gr
858 3290 867 3360 ΙΙ
881 3295 915 3344 29
935 3260 1096 3345 innocentid
1113 3289 1183 3343 fidu-

218 3365 316 3414 aaa?
