2670 3962
213 130 277 198 190
577 126 805 194 unianimam

212 313 275 376 quo
303 291 385 357 mihi
416 313 476 374 par
503 291 684 372 convictus,
712 290 796 375 apud
820 312 929 376 quem,
962 291 990 356 si
1013 290 1098 356 forte
1121 312 1172 356 ce·

212 401 336 461 narem,
367 401 450 446 uxor
477 380 688 444 ministraret.
733 382 769 443 tu
798 382 909 446 tamen
937 379 1014 464 quid
1037 379 1172 446 eircum-

212 469 387 553 scriptione
409 469 475 534 ista
498 467 693 553 perdidisti?
715 489 848 533 uxorem
872 490 939 534 non
961 468 1063 533 habes
1085 469 1171 535 locu·

211 558 346 642 pletem:
387 557 470 622 nihil
502 557 588 621 enim
616 556 737 641 magis,
768 578 865 641 quam
894 557 1064 641 pecuniam
1089 557 1171 622 desi·

144 693 152 706 .
176 661 191 711 5
211 647 326 712 daras?
351 668 369 711 ο
388 650 422 712 te
441 646 583 731 dignum,
602 645 657 731 qui
676 645 807 710 duceres
824 646 949 730 parem!
968 649 1046 710 tunc
1061 645 1171 730 scires,

211 756 292 820 quae
316 733 503 819 discordiae,
527 755 608 818 quae
632 733 870 818 contentiones,
898 755 996 819 quam
1019 734 1171 819 frequens

210 824 331 890 mentio
356 823 450 905 dotis,
474 844 571 906 quam
594 825 702 888 erecta
725 844 885 907 exaequo
905 822 1020 888 cervix.
1057 823 1171 907 utique

209 913 244 976 in
266 912 319 976 his
342 913 407 976 tuis
431 911 569 994 deliiois,
600 911 635 975 in
654 911 707 975 his
726 911 957 996 cupiditatibus
976 911 1038 976 tibi
1056 910 1171 976 liceret

210 1022 318 1066 amare
350 999 490 1084 aliquam
524 999 689 1083 ancillam,
720 999 867 1083 deperire
900 1000 1043 1084 aliquam
1075 999 1170 1065 mini·

157 1104 190 1154 10
210 1093 358 1154 stramm.
405 1093 439 1153 at
466 1109 552 1153 nunc
581 1087 682 1153 habes
706 1110 839 1154 uxorem
860 1110 926 1154 non
950 1088 1170 1168 ambitiosam,

208 1198 275 1242 non
308 1180 494 1243 exacturam
513 1177 714 1262 comitatus,
747 1177 803 1242 sed
831 1199 913 1262 quae
940 1179 1013 1242 tota
1041 1199 1079 1242 ex
1111 1180 1168 1243 tuo

208 1266 300 1330 vultu
323 1265 472 1350 pendeat.
517 1266 666 1331 laborare
694 1266 873 1332 cousuevit:
901 1265 1039 1332 habebis
1070 1265 1169 1331 ancil·

208 1354 285 1420 lam.
330 1354 379 1418 'Pu
402 1358 530 1420 tantum
555 1354 713 1435 [etiam]si
735 1354 812 1439 quid
837 1375 897 1440 ego
922 1354 1056 1439 offendi,
1087 1353 1168 1418 mihi

207 1443 360 1508 irascere:
391 1443 474 1508 nihil
497 1443 556 1508 illa
578 1443 669 1528 fecit,
697 1443 780 1507 nihil
803 1443 863 1508 illa
885 1442 1048 1527 peccavit3
1080 1442 1169 1507 iussa

155 1545 188 1596 15
207 1530 287 1615 fecit,
306 1532 341 1595 in
358 1531 541 1597 ministerio
555 1532 643 1615 patri
656 1531 778 1615 paruit:
798 1532 839 1596 ad
853 1531 945 1596 illam
962 1531 1169 1598 hortantum

206 1621 360 1705 pertinet,
384 1621 468 1705 quod
493 1620 629 1704 optavit.

619 1810 754 1880 00011.

321 1937 541 2005 Auctoratus
564 1935 610 2002 ob
630 1935 873 2018 sepeliendum
895 1937 1046 2019 patrem.

206 2062 414 2129 Gnnnmuoa
441 2078 478 2125 m
507 2076 810 2137 Qunrruoannorn
838 2077 1013 2126 ennomus
1041 2077 1089 2124 ΝΕ
1112 2078 1167 2128 sn·

152 2167 187 2217 20
295 2167 401 2215 nunu.
431 2149 568 2226 Quidam
591 2154 629 2214 ut
651 2152 777 2233 patrem
802 2148 961 2233 sepeliret,
985 2151 1167 2215 auctoravit

296 2261 339 2304 se.
385 2239 436 2303 die
465 2238 605 2302 muneris
632 2236 808 2322 productus
837 2238 897 2303 sub
927 2236 1025 2302 titulo
1049 2259 1165 2304 causae

293 2326 415 2405 rudem,
437 2326 626 2410 postulante
649 2326 781 2410 populo,
804 2326 937 2410 accepit.
972 2329 1088 2410 postea
1110 2347 1165 2412 pa-

293 2414 482 2480 trimonium
506 2417 666 2481 statutum
685 2437 744 2500 per
761 2415 850 2500 leges
871 2415 1033 2499 equitibus
1053 2416 1164 2500 adqui-

297 2505 382 2570 sivit.
418 2503 612 2588 prohibetur
635 2503 800 2589 gradibus.

150 2695 184 2746 aa
511 2677 848 2746 DECLAMATIO.
895 2719 896 2722 =

271 2804 390 2869 Postea
413 2804 527 2888 dicam,
551 2826 615 2889 qua
638 2825 735 2869 causa
753 2825 857 2887 paene
876 2802 1040 2888 gladiator
1058 2803 1164 2869 iactus
1236 2803 1246 2814 ’

203 2893 260 2975 sit,
284 2896 399 2975 postea
421 2891 497 2975 hoo,
521 2891 607 2976 quod
630 2892 784 2977 obicitur,
812 2892 847 2957 in
869 2892 999 2958 laudem
1022 2896 1165 2958 vertam:

274 3071 344 3120 3-4
362 3065 533 3135 locupletem
552 3066 623 3121 utile
642 3067 676 3122 s‘e
693 3065 827 3122 divitibus
844 3081 943 3121 uxores
961 3082 1098 3136 pauperes
1113 3066 1164 3120 dn·

203 3152 264 3192 cere
283 3135 354 3191 nihil
373 3143 419 3192 etc.
430 3140 453 3189 Α
466 3138 476 3205 l
489 3142 559 3192 4-c
579 3138 636 3192 des.
657 3141 686 3192 et
704 3139 733 3193 te
752 3138 778 3192 d.
797 3139 870 3207 11117
889 3141 968 3191 recta
985 3141 1033 3206 Aa,
1053 3137 1164 3192 erectae

201 3209 247 3276 1111
263 3213 295 3262 10
315 3211 345 3263 at
363 3224 412 3263 om.
433 3212 453 3260 11
474 3210 484 3277 ll
499 3214 531 3262 13
554 3208 690 3280 [etiam]si
709 3208 753 3264 Ro
775 3209 785 3277 n
808 3214 842 3262 14
859 3206 931 3262 nihil
948 3223 1024 3277 pecc.
1043 3210 1089 3278 ΔΙΙ
1104 3207 1165 3264 visa

201 3284 221 3331 Ρ
241 3279 250 3346 ΙΙ
271 3283 303 3332 15
322 3279 376 3335 luit
395 3282 456 3346 ΑΒ,
475 3295 544 3334 corr.
563 3279 616 3334 Sca
636 3281 645 3349 ΙΙ
669 3284 702 3334 18
720 3281 865 3335 autoratus
883 3279 928 3334 acc
945 3284 970 3333 et
983 3284 1080 3347 postea
1097 3283 1137 3331 Ab
1155 3279 1166 3350 11

201 3355 234 3403 21
256 3349 303 3403 sed
323 3349 368 3404 die
386 3349 508 3404 numeris
526 3354 546 3402 B
569 3351 579 3419 l
602 3356 636 3404 22
656 3350 752 3406 sudem
766 3353 805 3402 aa
822 3352 833 3419 ΙΙ
855 3354 888 3404 22
908 3351 1013 3405 statum
1033 3354 1080 3402 An
1098 3352 1108 3418 fl
1128 3355 1161 3404 21

202 3421 276 3489 quod
295 3420 398 3475 dicitur
415 3426 438 3472 Δ
451 3421 461 3489 ΙΙ
473 3437 567 3475 veram
587 3424 607 3472 B
