2692 3960
234 114 302 180 294
602 113 831 180 QUINTILIANI

234 282 285 343 ιιι
311 277 456 361 hercule,
488 276 623 362 iudices,
657 277 703 343 sic
731 280 793 343 est:
827 277 855 341 si
881 275 967 341 hunc
991 275 1105 342 civitas
1128 299 1198 344 non

232 364 412 451 habuisset,
435 365 628 432 serviremus
653 366 752 432 etiam
769 387 855 445 nunc
875 368 907 430 ιι
926 365 1121 450 gravissima
1139 366 1199 432 illa

232 457 392 539 tempora,
415 476 497 540 quae
520 455 576 520 diu
599 454 690 539 passi
714 476 836 539 sumus,
858 455 1102 520 sustineremus.

300 543 447 629 Expecto
480 565 531 609 me
554 544 694 627 hercule,
730 545 768 608 ut
792 542 966 610 cuiuslibet
988 542 1197 628 inpudentiae

160 640 176 661 ⁸
197 647 213 698 ι
232 635 435 699 excusatores
473 633 519 698 sic
558 653 684 718 quoque
724 654 805 717 opus
845 632 913 697 ιιιιι
947 653 1067 718 augere
1102 635 1200 718 atque

233 742 429 808 exaggerare
452 724 621 789 conentur:
663 720 804 787 »occidit
825 724 1001 805 tyrannum
1022 741 1090 786 non
1113 719 1200 789 bunc

231 811 399 896 vulgarem
431 814 465 875 et
494 832 597 896 usque
630 809 670 876 ad
701 831 822 875 nomen
852 812 980 876 tantum
1013 812 1198 876 nocentem

230 899 304 984 plus
329 898 452 985 aliquid
475 920 573 983 quam
592 898 707 964 ceteris
726 898 973 964 constituamus.
1010 897 1127 964 occidit
1145 901 1198 983 ty·

230 1008 369 1052 rannum
393 986 662 1065 crudelissimum,
685 986 919 1070 saevissimum,
939 991 1196 1073 expugnatorem

179 1089 212 1142 ιο
230 1096 298 1141 non
324 1073 499 1178 pudicitiae
526 1074 623 1140 modo
650 1079 684 1140 ιι
710 1075 985 1160 patrimoniorum
1006 1078 1198 1142 nostrorum

231 1167 264 1229 et
291 1164 475 1248 principum
502 1163 598 1230 huius
626 1164 782 1249 civitatis,
815 1164 872 1231 sed
899 1164 1098 1248 templorum
1130 1185 1198 1230 om·

229 1253 323 1318 nium
360 1257 393 1318 et
428 1253 710 1340 caerimoniarum·
756 1275 816 1319 neo
851 1247 1041 1320 bominibus
1078 1253 1193 1338 magis,

231 1363 329 1426 quam
355 1340 418 1408 diis
446 1342 713 1408 inmortalibus
702 1305 876 1409 invisum«
920 1364 997 1408 vera
1025 1344 1100 1407 sunt
1124 1341 1194 1426 qui·

231 1430 371 1496 demt
326 1434 371 1496 ιιι
373 1453 401 1516 ι,
422 1430 558 1497 iudices:
582 1430 683 1496 sed
657 1453 685 1497 ιι
703 1430 840 1498 velimus
861 1435 1000 1497 suumtr
972 1430 1106 1496 titulum
1124 1429 1195 1496 red·

178 1533 211 1584 15
230 1520 306 1586 dere
328 1520 560 1587 liberatoribus
584 1522 715 1586 nostrae
739 1519 861 1586 civitat
852 1542 895 1585 ιι.
922 1518 1017 1585 illum
1041 1519 1086 1586 dii
1110 1520 1192 1585 occi·

230 1609 356 1674 derunt.
401 1630 469 1673 non
497 1607 583 1673 enim
611 1608 756 1674 contenti
779 1608 929 1674 advocati
951 1608 1055 1692 partis
1083 1607 1195 1674 adver·

230 1718 286 1762 sae
308 1695 371 1762 bac
393 1696 477 1780 legis
500 1695 677 1781 calumnia,
708 1697 807 1763 etiam
830 1697 912 1762 bene
936 1696 1093 1762 meruisse
1117 1719 1191 1762 eum

230 1784 269 1850 de
291 1807 326 1850 re
349 1785 480 1871 publica
502 1789 616 1851 nostra
639 1784 763 1869 dicunt,
790 1786 875 1870 quod
899 1785 1009 1850 audito
1032 1806 1189 1871 responso

232 1874 303 1960 ipse
330 1895 365 1940 ιι
389 1873 558 1958 percussit.

176 1976 211 2038 ιο
295 1961 368 2048 Ego
391 1984 489 2046 porro
514 1962 642 2028 etiamsi
666 1963 837 2028 confiterer
854 1961 1033 2046 plurimum
1052 1984 1127 2028 eum
1145 1962 1193 2028 rei

228 2051 379 2134 publicae
406 2054 512 2117 morte
540 2074 599 2118 sua
626 2052 843 2136 praestitisse,
874 2073 941 2117 non
968 2055 1079 2117 tamen
1107 2051 1192 2117 inter

229 2140 387 2206 beneficia
414 2140 565 2206 ducerem
591 2140 729 2205 iniuriae
757 2141 868 2205 finem:
904 2162 991 2206 nuno
1014 2161 1091 2205 vero
1121 2140 1193 2226 quis

229 2230 375 2314 ignorat,
399 2251 497 2315 quam
520 2229 644 2295 multae
667 2250 741 2294 eum
764 2229 975 2296 necessitates
999 2228 1040 2294 ad
1063 2227 1193 2315 exigen-

230 2317 288 2383 das
316 2341 336 2382 a
364 2340 397 2384 ιι
425 2319 497 2402 ipso
524 2339 648 2402 poenae
675 2317 874 2402 inpulerint?
916 2315 951 2383 Si
979 2320 1110 2383 tantum
1132 2317 1195 2383 hoc

176 2419 211 2470 25
231 2405 385 2472 dicerem.
423 2429 497 2473 cum
528 2407 615 2472 salus
645 2409 733 2472 esset
762 2405 932 2508 proposita
961 2404 1086 2471 civitati
1117 2405 1195 2470 haec

230 2495 371 2578 silentio,
394 2500 432 2561 ut
453 2498 613 2580 tyrannus
637 2494 845 2577 occideretur,
868 2493 941 2579 quis
959 2513 1027 2556 non
1044 2494 1196 2556 nostrum

229 2584 266 2650 in
294 2606 401 2651 arcem
428 2583 559 2649 rueret?
597 2582 669 2667 quis
696 2603 765 2648 non
792 2543 945 2647 subderet
972 2578 1082 2644 faces?
1120 2579 1194 2664 quis

229 2695 297 2740 non
324 2693 529 2738 concremare
555 2673 681 2755 pestem
709 2669 801 2734 illam
829 2668 876 2732 rei
898 2667 1071 2770 publicae·
1073 2667 1196 2734 vellet?

229 2761 312 2826 vidit
335 2760 460 2824 animos
478 2761 620 2838 nostros,
645 2755 726 2821 vidit
744 2756 912 2840 impetum.
934 2756 1107 2822 nonenim
1125 2757 1195 2822 vul-
1281 2749 1285 2760 ’

176 2862 211 2912 ιο
231 2847 325 2933 garia
345 2848 549 2910 sacramenta
568 2844 737 2928 ducebant,
756 2865 815 2909 neo
834 2843 919 2910 siout
937 2844 1092 2912 adversus
1111 2846 1194 2912 alios

307 3038 416 3092 lhuno
434 3052 484 3092 om.
504 3040 545 3089 A·
558 3039 597 3108 l5
622 3039 797 3124 accusatores
811 3042 870 3108 AB,
889 3053 958 3094 corr.
977 3039 1035 3094 Aer
1047 3041 1087 3110 116
1106 3037 1198 3094 occidi

233 3115 254 3163 A
275 3112 285 3182 ΙΙ
307 3111 388 3164 10
406 3124 456 3164 orn.
475 3113 499 3161 A
516 3109 527 3178 l
546 3115 578 3163 12
598 3110 661 3164 caet
662 3109 860 3166 strimoniarum
877 3114 901 3162 A
919 3110 928 3177 ss
953 3109 1110 3165 13'1nvisns
1130 3114 1170 3163 Aa
1187 3109 1199 3181 l}

234 3187 268 3236 14
290 3180 448 3236 titulum
471 3184 495 3232 A
513 3179 522 3248 [1
542 3186 575 3235 16
595 3179 738 3306 civitatisp
751 3181 858 3236 cunctis
876 3184 898 3233 A
916 3181 926 3250 ΙΙ
944 3185 978 3234 22
997 3196 1031 3235 ac
1049 3185 1127 3250 Aur,
1145 3197 1196 3237 orn.

232 3253 345 3321 Aelio
364 3269 427 3308 oum
445 3252 553 3322 rurep
572 3257 596 3305 A
614 3253 624 3322 [Ι
642 3258 676 3308 25
696 3269 771 3308 sous
789 3257 830 3305 Aa
853 3223 1196 3321 {125—26hocsilentic

232 3325 292 3391 AB,
311 3338 382 3379 corr.
400 3322 445 3378 Ro
464 3324 509 3392 (cf.
530 3328 597 3392 295,
610 3325 714 3394 17ep.,)
733 3323 787 3378 hcc
806 3321 913 3377 scilicet
930 3322 1022 3392 pretio
1042 3321 1098 3378 ou
1125 3325 1134 3393 l
1161 3327 1196 3380 ιι

231 3394 755 3464 artemAlilBrepAll30heoB
