2670 3962
390 143 708 218 oronrnnrronu's.
729 135 869 220 cecvin.
949 189 951 194 ,
1040 163 1104 228 209

145 346 304 392 venenum
327 326 416 389 luere
439 324 593 408 poteras?
622 325 770 409 proditor
792 326 875 391 bene
897 326 1004 411 periit.
1050 326 1105 390 sed

144 414 313 480 redeamus
338 413 379 478 ad
403 414 533 478 crimen.
569 435 729 479 venenum
753 414 885 498 dedisti,
908 435 981 479 cum
1006 415 1104 479 scires

143 502 293 568 futurum
316 506 353 566 ut
377 501 671 586 suspio<er>emnrr
702 523 798 588 quam
820 503 913 568 valde
932 499 1105 568 contessio-

145 613 221 656 nem
244 591 393 676 timuisti,
412 590 468 676 qui
491 591 599 656 subire
618 593 763 657 maluisti
780 592 844 658 hoc
863 593 1105 677 argumentum!

146 681 309 764 „Amiouq
332 680 448 764 inquit,
470 677 565 745 erat.“
598 679 681 757 Quid
700 680 821 765 e[g]is?
845 681 969 746 amicus
993 679 1142 746 etiam-c

149 767 252 833 num?
284 769 370 852 patri
393 769 479 834 bono
503 769 570 834 iam
593 769 680 834 filius
703 791 769 834 non
793 769 964 835 videretur.
1010 773 1107 833 antea

148 857 212 923 tibi
229 861 361 942 poterat
378 857 513 942 ignosci,
533 877 606 922 cum
624 858 812 944 ignorabas:
836 859 1013 923 etiamnum
1032 878 1106 941 pro·

147 947 209 1010 bas
232 946 440 1029 proditorem.
464 947 586 1012 amicus
608 945 688 1012 ilie?
713 947 775 1012 hoc
798 946 837 1011 de
855 947 1021 1031 proditore
1040 967 1106 1011 non

146 1038 198 1099 eet
226 1033 457 1100 misericordie.
517 1035 572 1120 qui
604 1036 751 1100 misereri
782 1035 957 1119 proditoris
989 1038 1107 1119 potest,

146 1123 287 1189 crudelis
316 1128 374 1188 est.
419 1145 485 1189 non
516 1144 594 1208 ergo
617 1123 706 1189 istud
729 1124 890 1190 amicitiae
913 1128 988 1189 tuae
1011 1123 1161 1189 mise-10

146 1212 275 1276 ratione
303 1211 422 1277 fecisti:
451 1212 515 1276 iam
543 1213 605 1278 tibi
627 1213 839 1278 nuntiabatur
862 1233 1012 1296 suprema
1034 1233 1106 1276 vox.

147 1301 323 1382 visseim,
351 1321 448 1384 quem
475 1301 538 1366 hoc
564 1323 631 1366 uon
659 1301 804 1368 amicitia
825 1300 964 1366 feceris?
987 1297 1043 1364 ἐς
1066 1322 1107 1364 ne

149 1392 353 1473 torqueretur
375 1411 441 1454 non
464 1389 590 1455 dedisti.
636 1411 752 1475 passus
776 1411 819 1472 es,
842 1394 878 1454 ut
900 1391 1108 1473 torqueretur

147 1477 321 1561 (iterum).
344 1477 408 1542 iam
433 1499 514 1544 anne
542 1479 640 1543 tertio
664 1481 883 1562 torqueretur,
911 1477 1043 1542 minime
1067 1474 1108 1540 ad

144 1567 252 1651 ipsum
276 1567 469 1650 pertinebat.
496 1568 588 1652 bene,
607 1566 693 1651 quod
712 1587 831 1653 magna
850 1566 972 1632 scelera
988 1566 1041 1630 his
1060 1565 1107 1648 ip·
1128 1582 1161 1631 15

147 1655 203 1737 sis,
226 1655 343 1739 quibus
365 1655 521 1720 occultari
539 1656 698 1741 videntur,
722 1656 920 1740 aperiuntur.
952 1654 1028 1719 dum
1046 1653 1108 1718 hoc

147 1743 228 1828 egis,
250 1764 291 1808 ne
315 1745 437 1810 amicus
460 1748 536 1809 tuus
559 1745 712 1828 fateatur,
734 1745 806 1830 ipse
829 1743 996 1810 confessus
1020 1763 1063 1807 es.

534 1936 722 2006 cccviii.

463 2061 542 2129 Duo
565 2061 792 2132 testamenta.

146 2206 382 2273 termimum
411 2223 545 2272 nummi
574 2225 668 2272 Rern
698 2224 787 2272 stur.
836 2205 1110 2271 Irrusrn'ronum
1128 2222 1163 2270 ab

239 2311 316 2361 smn
344 2311 479 2362 aluums
507 2311 727 2362 momorum
753 2313 848 2361 noni
875 2311 1023 2360 rnoxlmi
1050 2311 1110 2358 ΤΕ-

238 2401 363 2448 ΝΕΔΝΤ.
413 2383 553 2461 Quidam
588 2385 693 2470 primo
730 2387 929 2449 testamento
967 2382 1111 2448 instituit

237 2472 388 2537 heredem
413 2473 569 2557 amicum,
593 2473 732 2538 secundo
756 2472 845 2538 facto
870 2471 1019 2537 alterum.
1057 2471 1109 2534 de-

240 2563 346 2628 cessit.
382 2562 544 2646 posterius
568 2564 802 2626 testamentum
832 2561 1021 2650 damnatum
1052 2563 1110 2623 est.

240 2651 412 2734 ambigunt
444 2651 483 2716 de
516 2651 611 2715 bonis
645 2650 752 2734 priore
784 2652 983 2714 testamento
1016 2648 1109 2712 heres
1128 2665 1164 2712 25

238 2740 379 2824 scriptus
403 2743 435 2804 et
457 2739 639 2824 propinqui.

219 2920 235 2967 2
256 2930 363 2968 veneno
377 2915 486 3039 Mi?
506 2912 818 3038 suspic<argemurrier
831 2913 840 2982 i
853 2919 871 2967 4
885 2914 1032 2982 argentum
1046 2915 1086 2965 Aa
1099 2913 1108 2981 11

149 2991 262 3040 beram
280 2987 332 3051 AB,
352 3001 421 3040 corr.
464 3001 479 3039 ο
505 2985 516 3054 i
542 2985 630 3110 ngis

148 3055 263 3126 ignorat
285 3054 394 3126 ignosci
416 3059 493 3109 a-1³
520 3057 529 3128 ΙΙ
558 3062 572 3108 1

150 3144 235 3195 quam
259 3126 372 3181 demum
398 3125 479 3180 amic.
498 3131 518 3178 1’
544 3127 554 3196 i
584 3131 616 3180 13
635 3128 668 3180 ut
686 3123 828 3198 (iterum)
847 3127 937 3193 torqn.
957 3124 1014 3179 Aer
1040 3125 1050 3193 ΙΙ
1079 3131 1112 3178 14

148 3195 206 3251 iam
226 3215 251 3253 a.
270 3198 291 3250 t.
309 3199 487 3266 torqueretur
505 3213 555 3252 oue.
570 3197 634 3266 bai
649 3203 681 3250 16
701 3193 830 3266 aperiunt
848 3197 892 3266 Bi
908 3200 940 3250 18
961 3193 1110 3250 micul.

148 3284 196 3359 illi!
208 3285 414 3358 QUINTiLsslsl
429 3285 581 3342 FINIUNT
601 3283 796 3339 TRAOTATE
816 3281 1007 3338 INCIPIUNT
1027 3269 1112 3355 ΟΟΤ-

148 3372 295 3448 Lousia
320 3377 356 3441 Δ,
388 3375 425 3428 Μ.
445 3373 524 3444 Febij
545 3373 711 3439 Quintiliani
734 3371 816 3426 finiit
833 3373 956 3447 tractetp
974 3372 1114 3443 incipiunt

151 3445 280 3518 celerate
297 3449 327 3513 B,
346 3447 472 3500 similiter
490 3446 531 3516 Gi
545 3451 580 3499 24
597 3446 675 3514 prius
694 3448 715 3497 B

204 3543 344 3593 Quintiliani
358 3545 428 3595 doci,
443 3544 477 3584 ed.
492 3543 575 3585 Ritter.
920 3538 953 3586 14

679 3001 694 3038 o
720 2985 731 3054 i
757 2983 844 3038 etiam
861 2998 918 3037 non
936 2987 959 3036 Δ
980 2983 989 3052 i
1018 2983 1110 3050 ipot.

609 3055 801 3110 nunciabarB
829 3054 839 3123 i
868 3060 900 3108 12
919 3053 1026 3108 viscere
1044 3055 1085 3107 Aa
1103 3053 1112 3124 ii
