2668 3968
240 121 304 186 138
605 121 834 187 QUINTILIANI

236 285 325 350 dam:
348 287 587 370 prospexerunt
604 285 847 369 infirmioribus,
865 290 1101 370 prospexerunt
1118 286 1199 352 lani·
1330 295 1331 368 ζ

236 375 358 441 oribus.
388 375 529 441 forsitan
553 375 776 458 cogitaverunt
796 380 829 440 et
847 374 939 454 illud,
961 397 1029 440 non
1048 374 1198 441 omnibus
1330 391 1331 424 ³

234 462 361 530 futures
386 485 457 529 csse
485 463 586 548 vires3
616 463 665 527 ita
692 467 957 548 temperaverunt
979 464 1197 545 severitatem,

235 555 272 617 ut
295 552 475 619 vindicaret
497 575 531 618 se
554 551 717 637 quomodo
742 553 877 638 quisque
899 557 1021 637 posset.

200 675 216 725 o
302 656 380 724 Dixi
407 663 575 744 tamquam
602 681 663 744 pro
692 658 823 744 iuvene,
852 660 917 725 dixi
946 663 1115 745 tamquam
1137 682 1197 744 pro

235 747 367 814 manto:
390 749 562 814 dicendum
584 752 635 812 cst
657 752 824 832 tamquam
846 771 906 833 pro
929 749 1094 833 inpubere.
1130 771 1198 815 non

235 858 287 902 me
314 836 445 902 hercule
468 838 547 901 satis
571 838 770 903 constituere
794 838 879 922 apud
912 837 1058 904 animum
1090 859 1198 904 meum

234 925 1103 1098 {lituoshaereditaten„soalon
1122 948 1196 1100 ,aa

182 1120 215 1169 lo
234 1101 410 1191 extitisset,
436 1102 491 1189 qui
516 1102 651 1187 diceret,
678 1103 848 1169 »occidisti
878 1103 1026 1170 homines
1049 1105 1194 1170 nondum

236 1192 383 1256 maritus.
420 1191 633 1276 nequeenim
656 1192 706 1257 ris
729 1192 795 1257 ista
816 1192 959 1258 nominis
981 1193 1117 1270 huiusce
1140 1214 1197 1277 ap·
1330 1205 1331 1224 ¹

233 1279 410 1363 pollutione
437 1281 544 1365 prima
571 1280 735 1365 consistit,
766 1302 825 1346 nec
855 1281 935 1347 satis
964 1286 1014 1346 est
1041 1281 1196 1362 maritum

233 1371 362 1434 tantum
386 1369 498 1435 osculo
521 1369 660 1455 putari«
695 1374 812 1454 postea
834 1369 952 1435 nudari
974 1369 1079 1435 filium
1098 1374 1197 1456 atque

234 1457 269 1522 in
282 1461 457 1542 conspectu
471 1457 613 1523 iudicum
628 1458 783 1524 constitui
797 1459 971 1544 coegissem
986 1463 1083 1544 atque
1096 1459 1196 1525 inter-

180 1563 214 1613 ro
233 1550 377 1631 rogaret,
406 1569 447 1612 an
470 1546 527 1611 ille
551 1548 687 1612 maritus
710 1551 810 1631 essct,
838 1548 895 1633 qui
917 1546 988 1612 fieri
1009 1551 1105 1632 pater
1128 1569 1194 1614 non

232 1639 353 1718 posset.
379 1634 427 1700 Ac
445 1636 474 1700 si
487 1638 618 1700 tantum
636 1635 695 1720 illi,
713 1637 882 1721 tamquam
903 1636 1061 1712 adultero,
1078 1637 1197 1704 irasce·
1330 1687 1331 1690 ,

232 1723 323 1806 reris,
341 1723 422 1802 satis
441 1726 511 1788 erat
528 1724 591 1789 hoo
610 1724 714 1789 dicere
733 1746 793 1808 pro
809 1725 875 1791 filio
890 1729 962 1791 tuo:
986 1729 1098 1810 sputo,
1116 1746 1193 1792 non·

233 1811 309 1876 dum
339 1811 482 1877 habebat
505 1811 616 1878 mariti
638 1812 792 1878 dolorem.
833 1815 875 1878 ad
899 1814 1032 1879 vulnera
1056 1814 1195 1879 adulteri

233 1905 266 1964 et
289 1901 420 1966 caedem
444 1905 477 1965 et
499 1899 726 1966 tristissimum
748 1902 914 1968 occidendi
937 1902 1078 1968 hominis
1102 1902 1196 1982 mini-
1330 1891 1331 1898 ἵ

181 1989 368 2055 sostenium
392 2009 512 2075 magno
535 1990 676 2075 quodam
699 1990 823 2074 impetu
846 1997 879 2057 ct
901 1987 954 2077 (ut
977 1991 1025 2056 sic
1043 1989 1195 2077 dixerim)

208 2076 342 2143 ·furore
365 2100 447 2162 opus
471 2082 530 2144 est
560 2100 620 2144 nec
642 2080 743 2145 miror
767 2101 822 2146 eos
841 2080 1006 2164 concitari,
1031 2080 1086 2164 qui
1108 2085 1195 2146 vete·

232 2187 302 2231 rem
324 2166 525 2232 matrimonii
549 2169 825 2252 cousuetudinem,
848 2169 904 2253 qui
927 2168 1085 2252 pudorem
1106 2169 1195 2235 cubi·

234 2254 306 2338 culi,
329 2256 386 2341 qui
410 2277 500 2340 spem
522 2256 698 2323 liberorum
722 2261 941 2342 expugnatam
960 2278 1030 2324 esse
1049 2257 1194 2340 credunt,

232 2343 288 2427 qui
323 2343 400 2436 illos
437 2344 582 2411 occultos
620 2349 716 2430 atque
753 2345 987 2412 inenarrabiles
1023 2345 1194 2431 patiuntur

178 2448 213 2510 25
233 2435 356 2497 aestus:
378 2455 444 2498 non
467 2437 579 2518 potest
597 2441 729 2500 uxorem
749 2456 841 2501 suam
860 2435 906 2500 sic
925 2435 1041 2518 odisse,
1064 2435 1120 2519 qni
1139 2434 1194 2500 ad·

230 2521 294 2586 huc
317 2544 426 2587 amare
448 2545 515 2588 non
536 2524 675 2607 potuita

298 2628 423 2695 Verum
445 2629 497 2695 illi
520 2651 647 2715 quoque
667 2630 754 2714 parti
772 2630 1028 2714 respondendum
1047 2635 1107 2715 est,
1130 2652 1194 2716 qua

231 2717 458 2783 vindicandam
482 2717 624 2802 priorem
646 2717 799 2784 iniuriam
821 2718 923 2784 fuisse
946 2719 1037 2803 dicit3
1066 2719 1105 2784 de
1129 2740 1194 2804 qua

231 2805 337 2887 hodie,
359 2806 437 2871 dum
459 2806 597 2888 abdicat,
627 2807 733 2871 multa
754 2807 963 2874 uehementer
985 2809 1192 2894 graviterque

177 2910 212 2961 so
232 2893 325 2957 dixit:
354 2914 427 2957 cum
449 2894 556 2978 fieret,
582 2897 722 2961 tacebat.
767 2917 834 2962 non
857 2898 1005 2962 existimo
1030 2897 1110 2962 adeo
1132 2897 1193 2961 ini·

231 2981 350 3046 micum
378 2981 448 3047 filio
477 3003 535 3048 suo
562 2986 704 3067 patrem,
733 2985 880 3070 quamvis
904 2985 1045 3067 abdicet,
1073 2989 1111 3050 ut
1133 2984 1192 3050 ali·

303 3199 318 3246 1
337 3192 491 3249 levioribus
509 3199 532 3247 B
553 3195 563 3264 l
583 3200 601 3248 4
618 3193 762 3250 vindiame
779 3198 832 3248 AB
853 3197 863 3265 ΙΙ
884 3195 1011 3265 possidet
1028 3200 1069 3248 Aa
1085 3197 1095 3265 11
1114 3200 1130 3249 t
1148 3194 1192 3249 di·

230 3263 272 3317 xit
289 3269 311 3317 B
328 3265 338 3333 ΙΙ
357 3262 430 3318 dixit
446 3268 467 3318 Ι
481 3265 521 3334 118
539 3265 652 3321 licuerit
669 3265 812 3321 adulteros
830 3271 852 3319 B
869 3267 879 3335 Ι
898 3272 931 3321 11
950 3270 1040 3321 neoB
1062 3267 1073 3336 p
1096 3271 1130 3319 11
1147 3265 1191 3321 iu·

230 3333 381 3473 plilcaiplmnn
413 3339 423 3404 l
455 3341 488 3390 18
511 3336 657 3392 habeat?
688 3337 697 3404 ΙΙ
731 3342 763 3390 19
788 3337 951 3392 occiderit!
979 3339 989 3406 ΙΙ
1016 3342 1049 3392 17
1074 3336 1142 3406 quis
1158 3342 1191 3409 Δ,
