<?xml version="1.0" encoding="UTF-8"?>
<!DOCTYPE html PUBLIC "-//W3C//DTD XHTML 1.0 Transitional//EN"
    "http://www.w3.org/TR/xhtml1/DTD/xhtml1-transitional.dtd">
<html xmlns="http://www.w3.org/1999/xhtml" xml:lang="en" lang="en">
 <head>
  <title>
</title>
<meta http-equiv="Content-Type" content="text/html;charset=utf-8" />
  <meta name='ocr-system' content='tesseract 3.04.00' />
  <meta name='ocr-capabilities' content='ocr_page ocr_carea ocr_par ocr_line ocrx_word'/>
</head>
<body>
  <div class='ocr_page' id='page_1' title='image "./mfabiiquintilia02rittgoog_0334.png"; bbox 0 0 2692 3960; ppageno 0'>
   <div class='ocr_carea' id='block_1_1' title="bbox 381 143 1113 214">
    <p class='ocr_par' dir='ltr' id='par_1_1' title="bbox 381 143 1113 214">
     <span class='ocr_line' id='line_1_1' title="bbox 381 143 1113 214; baseline 0.007 -15"><span class='ocrx_word' id='word_1_1' title='bbox 381 144 699 202; x_wconf 79' lang='lat' dir='ltr'><strong>DECLAMATIONES.</strong></span> <span class='ocrx_word' id='word_1_2' title='bbox 719 143 885 204; x_wconf 67' lang='lat' dir='ltr'>cccxxvi.</span> <span class='ocrx_word' id='word_1_3' title='bbox 1047 147 1113 214; x_wconf 84' lang='grc'>293</span> 
     </span>
    </p>
   </div>
   <div class='ocr_carea' id='block_1_2' title="bbox 148 307 1114 659">
    <p class='ocr_par' dir='ltr' id='par_1_2' title="bbox 148 307 1114 659">
     <span class='ocr_line' id='line_1_2' title="bbox 148 307 1112 393; baseline 0 -18"><span class='ocrx_word' id='word_1_4' title='bbox 148 310 211 375; x_wconf 88' lang='lat' dir='ltr'>hoc</span> <span class='ocrx_word' id='word_1_5' title='bbox 245 308 409 393; x_wconf 89' lang='lat' dir='ltr'>omnibus,</span> <span class='ocrx_word' id='word_1_6' title='bbox 441 308 498 393; x_wconf 91' lang='lat' dir='ltr'>qui</span> <span class='ocrx_word' id='word_1_7' title='bbox 529 307 625 373; x_wconf 91' lang='lat' dir='ltr'>modo</span> <span class='ocrx_word' id='word_1_8' title='bbox 653 307 694 374; x_wconf 91' lang='lat' dir='ltr'>ad</span> <span class='ocrx_word' id='word_1_9' title='bbox 721 307 923 374; x_wconf 88' lang='lat' dir='ltr'>intellectum</span> <span class='ocrx_word' id='word_1_10' title='bbox 953 309 1112 376; x_wconf 89' lang='lat' dir='ltr'>sermonis</span> 
     </span>
     <span class='ocr_line' id='line_1_3' title="bbox 150 395 1113 485; baseline 0 -22"><span class='ocrx_word' id='word_1_11' title='bbox 150 397 318 485; x_wconf 85' lang='lat' dir='ltr'>pervenire</span> <span class='ocrx_word' id='word_1_12' title='bbox 340 399 489 482; x_wconf 77' lang='lat' dir='ltr'><strong>possunt,</strong></span> <span class='ocrx_word' id='word_1_13' title='bbox 511 395 655 462; x_wconf 91' lang='lat' dir='ltr'>lucidum</span> <span class='ocrx_word' id='word_1_14' title='bbox 673 400 771 481; x_wconf 90' lang='lat' dir='ltr'>atque</span> <span class='ocrx_word' id='word_1_15' title='bbox 789 397 1007 480; x_wconf 86' lang='lat' dir='ltr'>manifestum,</span> <span class='ocrx_word' id='word_1_16' title='bbox 1030 419 1113 479; x_wconf 91' lang='lat' dir='ltr'>eum,</span> 
     </span>
     <span class='ocr_line' id='line_1_4' title="bbox 150 484 1113 574; baseline 0.001 -23"><span class='ocrx_word' id='word_1_17' title='bbox 150 488 206 574; x_wconf 91' lang='lat' dir='ltr'>qui</span> <span class='ocrx_word' id='word_1_18' title='bbox 229 487 337 571; x_wconf 85' lang='lat' dir='ltr'>legem</span> <span class='ocrx_word' id='word_1_19' title='bbox 359 486 408 550; x_wconf 88' lang='lat' dir='ltr'>ita</span> <span class='ocrx_word' id='word_1_20' title='bbox 430 486 659 570; x_wconf 76' lang='lat' dir='ltr'><strong>composuerit,</strong></span> <span class='ocrx_word' id='word_1_21' title='bbox 681 489 718 550; x_wconf 93' lang='lat' dir='ltr'>ut</span> <span class='ocrx_word' id='word_1_22' title='bbox 740 484 843 571; x_wconf 91' lang='lat' dir='ltr'>siqui</span> <span class='ocrx_word' id='word_1_23' title='bbox 861 489 1037 572; x_wconf 84' lang='lat' dir='ltr'>tyrannum</span> <span class='ocrx_word' id='word_1_24' title='bbox 1061 507 1113 552; x_wconf 90' lang='lat' dir='ltr'>oc·</span> 
     </span>
     <span class='ocr_line' id='line_1_5' title="bbox 149 573 1114 659; baseline -0.003 -18"><span class='ocrx_word' id='word_1_25' title='bbox 149 575 297 656; x_wconf 84' lang='lat' dir='ltr'>uidisset,</span> <span class='ocrx_word' id='word_1_26' title='bbox 330 575 365 639; x_wconf 92' lang='lat' dir='ltr'>in</span> <span class='ocrx_word' id='word_1_27' title='bbox 392 574 465 640; x_wconf 84' lang='lat' dir='ltr'>foro</span> <span class='ocrx_word' id='word_1_28' title='bbox 493 573 697 659; x_wconf 69' lang='lat' dir='ltr'>sepeliretur,</span> <span class='ocrx_word' id='word_1_29' title='bbox 728 575 874 641; x_wconf 83' lang='lat' dir='ltr'>locutum</span> <span class='ocrx_word' id='word_1_30' title='bbox 902 574 942 640; x_wconf 87' lang='lat' dir='ltr'>de</span> <span class='ocrx_word' id='word_1_31' title='bbox 964 573 1114 640; x_wconf 81' lang='lat' dir='ltr'>duobus?</span> 
     </span>
    </p>
   </div>
   <div class='ocr_carea' id='block_1_3' title="bbox 8 657 1184 749">
    <p class='ocr_par' dir='ltr' id='par_1_3' title="bbox 8 657 1184 749">
     <span class='ocr_line' id='line_1_6' title="bbox 8 657 1184 749; baseline 0 -20"><span class='ocrx_word' id='word_1_32' title='bbox 8 713 10 736; x_wconf 86' lang='grc'>,</span> <span class='ocrx_word' id='word_1_33' title='bbox 147 685 223 730; x_wconf 92' lang='lat' dir='ltr'>non</span> <span class='ocrx_word' id='word_1_34' title='bbox 239 657 404 748; x_wconf 76' lang='lat' dir='ltr'>intellegit</span> <span class='ocrx_word' id='word_1_35' title='bbox 427 661 555 748; x_wconf 87' lang='lat' dir='ltr'>aliquis,</span> <span class='ocrx_word' id='word_1_36' title='bbox 578 663 679 728; x_wconf 89' lang='lat' dir='ltr'>alium</span> <span class='ocrx_word' id='word_1_37' title='bbox 702 684 773 728; x_wconf 88' lang='lat' dir='ltr'>esse</span> <span class='ocrx_word' id='word_1_38' title='bbox 796 685 879 748; x_wconf 89' lang='lat' dir='ltr'>eum,</span> <span class='ocrx_word' id='word_1_39' title='bbox 902 663 958 749; x_wconf 89' lang='lat' dir='ltr'>qui</span> <span class='ocrx_word' id='word_1_40' title='bbox 976 662 1112 748; x_wconf 83' lang='lat' dir='ltr'>occidat,</span> <span class='ocrx_word' id='word_1_41' title='bbox 1131 679 1147 729; x_wconf 83' lang='lat'><strong>5</strong></span> <span class='ocrx_word' id='word_1_42' title='bbox 1168 663 1184 686; x_wconf 76' lang='lat'><strong><em>&#39;</em></strong></span> 
     </span>
    </p>
   </div>
   <div class='ocr_carea' id='block_1_4' title="bbox 146 750 1171 3052">
    <p class='ocr_par' dir='ltr' id='par_1_4' title="bbox 146 750 1171 3052">
     <span class='ocr_line' id='line_1_7' title="bbox 149 750 1112 838; baseline -0.002 -20"><span class='ocrx_word' id='word_1_43' title='bbox 149 752 263 838; x_wconf 82' lang='lat' dir='ltr'>alium,</span> <span class='ocrx_word' id='word_1_44' title='bbox 296 753 352 836; x_wconf 91' lang='lat' dir='ltr'>qui</span> <span class='ocrx_word' id='word_1_45' title='bbox 384 750 570 818; x_wconf 84' lang='lat' dir='ltr'>occidatur?</span> <span class='ocrx_word' id='word_1_46' title='bbox 621 752 820 838; x_wconf 77' lang='lat' dir='ltr'>argumentis</span> <span class='ocrx_word' id='word_1_47' title='bbox 855 752 982 818; x_wconf 83' lang='lat' dir='ltr'>scilieet</span> <span class='ocrx_word' id='word_1_48' title='bbox 1014 771 1112 837; x_wconf 83' lang='lat' dir='ltr'>agen·</span> 
     </span>
     <span class='ocr_line' id='line_1_8' title="bbox 149 840 1115 925; baseline -0.002 -19"><span class='ocrx_word' id='word_1_49' title='bbox 149 840 226 906; x_wconf 87' lang='lat' dir='ltr'>dum</span> <span class='ocrx_word' id='word_1_50' title='bbox 254 845 305 907; x_wconf 88' lang='lat' dir='ltr'>est</span> <span class='ocrx_word' id='word_1_51' title='bbox 333 844 367 906; x_wconf 89' lang='lat' dir='ltr'>et</span> <span class='ocrx_word' id='word_1_52' title='bbox 391 841 427 906; x_wconf 91' lang='lat' dir='ltr'>in</span> <span class='ocrx_word' id='word_1_53' title='bbox 457 841 642 925; x_wconf 84' lang='lat' dir='ltr'>exemplum</span> <span class='ocrx_word' id='word_1_54' title='bbox 666 840 857 906; x_wconf 81' lang='lat' dir='ltr'>adferendos</span> <span class='ocrx_word' id='word_1_55' title='bbox 881 841 965 916; x_wconf 86' lang='lat' dir='ltr'>aliae</span> <span class='ocrx_word' id='word_1_56' title='bbox 988 859 1115 925; x_wconf 85' lang='lat' dir='ltr'>quoque</span> 
     </span>
     <span class='ocr_line' id='line_1_9' title="bbox 146 929 1115 1016; baseline -0.003 -20"><span class='ocrx_word' id='word_1_57' title='bbox 146 930 247 1016; x_wconf 79' lang='lat' dir='ltr'>leges.</span> <span class='ocrx_word' id='word_1_58' title='bbox 275 929 381 995; x_wconf 88' lang='lat' dir='ltr'>dicam</span> <span class='ocrx_word' id='word_1_59' title='bbox 398 950 484 996; x_wconf 83' lang='lat' dir='ltr'>nune</span> <span class='ocrx_word' id='word_1_60' title='bbox 503 950 573 1016; x_wconf 80' lang='lat' dir='ltr'>ego,</span> <span class='ocrx_word' id='word_1_61' title='bbox 596 929 661 1015; x_wconf 88' lang='lat' dir='ltr'>qui</span> <span class='ocrx_word' id='word_1_62' title='bbox 684 930 906 1016; x_wconf 84' lang='lat' dir='ltr'>pulsaverit</span> <span class='ocrx_word' id='word_1_63' title='bbox 929 929 1115 1014; x_wconf 84' lang='lat' dir='ltr'>aliquem,</span> 
     </span>
     <span class='ocr_line' id='line_1_10' title="bbox 148 1017 1115 1103; baseline -0.002 -19"><span class='ocrx_word' id='word_1_64' title='bbox 148 1018 382 1085; x_wconf 86' lang='lat' dir='ltr'>iniuriarum</span> <span class='ocrx_word' id='word_1_65' title='bbox 405 1022 602 1085; x_wconf 89' lang='lat' dir='ltr'>teneatur:</span> <span class='ocrx_word' id='word_1_66' title='bbox 625 1041 721 1085; x_wconf 88' lang='lat' dir='ltr'>nemo</span> <span class='ocrx_word' id='word_1_67' title='bbox 735 1022 847 1085; x_wconf 84' lang='lat' dir='ltr'>tamen</span> <span class='ocrx_word' id='word_1_68' title='bbox 860 1018 1035 1101; x_wconf 81' lang='lat' dir='ltr'>tenebitur,</span> <span class='ocrx_word' id='word_1_69' title='bbox 1058 1017 1115 1103; x_wconf 94' lang='lat' dir='ltr'>qui</span> 
     </span>
     <span class='ocr_line' id='line_1_11' title="bbox 151 1107 1168 1194; baseline 0 -21"><span class='ocrx_word' id='word_1_70' title='bbox 151 1129 185 1173; x_wconf 89' lang='lat' dir='ltr'>se</span> <span class='ocrx_word' id='word_1_71' title='bbox 220 1108 291 1192; x_wconf 88' lang='lat' dir='ltr'>ipse</span> <span class='ocrx_word' id='word_1_72' title='bbox 326 1107 515 1193; x_wconf 84' lang='lat' dir='ltr'>pulsaverit.</span> <span class='ocrx_word' id='word_1_73' title='bbox 564 1129 641 1173; x_wconf 90' lang='lat' dir='ltr'>nam</span> <span class='ocrx_word' id='word_1_74' title='bbox 670 1108 751 1173; x_wconf 89' lang='lat' dir='ltr'>illud</span> <span class='ocrx_word' id='word_1_75' title='bbox 782 1108 912 1194; x_wconf 89' lang='lat' dir='ltr'>quidem</span> <span class='ocrx_word' id='word_1_76' title='bbox 941 1107 1113 1173; x_wconf 84' lang='lat' dir='ltr'>ridiculum</span> <span class='ocrx_word' id='word_1_77' title='bbox 1134 1121 1168 1173; x_wconf 88' lang='lat'>10</span> 
     </span>
     <span class='ocr_line' id='line_1_12' title="bbox 149 1193 1115 1284; baseline -0.001 -22"><span class='ocrx_word' id='word_1_78' title='bbox 149 1193 202 1284; x_wconf 87' lang='lat' dir='ltr'>(ut</span> <span class='ocrx_word' id='word_1_79' title='bbox 238 1195 366 1282; x_wconf 88' lang='lat' dir='ltr'>opinor)</span> <span class='ocrx_word' id='word_1_80' title='bbox 407 1195 557 1262; x_wconf 88' lang='lat' dir='ltr'>omnibus</span> <span class='ocrx_word' id='word_1_81' title='bbox 600 1196 694 1262; x_wconf 86' lang='lat' dir='ltr'>vobis</span> <span class='ocrx_word' id='word_1_82' title='bbox 730 1197 877 1262; x_wconf 89' lang='lat' dir='ltr'>futurum</span> <span class='ocrx_word' id='word_1_83' title='bbox 911 1200 974 1282; x_wconf 89' lang='lat' dir='ltr'>est,</span> <span class='ocrx_word' id='word_1_84' title='bbox 1018 1197 1047 1261; x_wconf 92' lang='lat' dir='ltr'>si</span> <span class='ocrx_word' id='word_1_85' title='bbox 1079 1195 1115 1261; x_wconf 91' lang='lat' dir='ltr'>in</span> 
     </span>
     <span class='ocr_line' id='line_1_13' title="bbox 149 1284 1115 1370; baseline -0.002 -20"><span class='ocrx_word' id='word_1_86' title='bbox 149 1285 333 1370; x_wconf 84' lang='lat' dir='ltr'>exemplum</span> <span class='ocrx_word' id='word_1_87' title='bbox 350 1284 534 1368; x_wconf 83' lang='lat' dir='ltr'>proximam</span> <span class='ocrx_word' id='word_1_88' title='bbox 552 1284 800 1350; x_wconf 87' lang='lat' dir='ltr'>similitudinem</span> <span class='ocrx_word' id='word_1_89' title='bbox 819 1284 983 1350; x_wconf 84' lang='lat' dir='ltr'>adduxero</span> <span class='ocrx_word' id='word_1_90' title='bbox 1003 1306 1040 1350; x_wconf 89' lang='lat' dir='ltr'>ao</span> <span class='ocrx_word' id='word_1_91' title='bbox 1058 1306 1115 1348; x_wconf 92' lang='lat' dir='ltr'>ne-</span> 
     </span>
     <span class='ocr_line' id='line_1_14' title="bbox 149 1369 1115 1459; baseline 0 -21"><span class='ocrx_word' id='word_1_92' title='bbox 149 1393 267 1459; x_wconf 78' lang='lat' dir='ltr'>gavero</span> <span class='ocrx_word' id='word_1_93' title='bbox 291 1373 396 1438; x_wconf 87' lang='lat' dir='ltr'>teneri</span> <span class='ocrx_word' id='word_1_94' title='bbox 418 1373 490 1458; x_wconf 83' lang='lat' dir='ltr'>lego</span> <span class='ocrx_word' id='word_1_95' title='bbox 512 1373 582 1438; x_wconf 90' lang='lat' dir='ltr'>ulla</span> <span class='ocrx_word' id='word_1_96' title='bbox 605 1393 693 1452; x_wconf 89' lang='lat' dir='ltr'>eum,</span> <span class='ocrx_word' id='word_1_97' title='bbox 718 1374 773 1458; x_wconf 90' lang='lat' dir='ltr'>qui</span> <span class='ocrx_word' id='word_1_98' title='bbox 796 1393 831 1437; x_wconf 89' lang='lat' dir='ltr'>se</span> <span class='ocrx_word' id='word_1_99' title='bbox 854 1372 1016 1439; x_wconf 87' lang='lat' dir='ltr'>occiderit.</span> <span class='ocrx_word' id='word_1_100' title='bbox 1052 1369 1115 1438; x_wconf 84' lang='lat' dir='ltr'>Itst</span> 
     </span>
     <span class='ocr_line' id='line_1_15' title="bbox 148 1460 1114 1547; baseline -0.003 -19"><span class='ocrx_word' id='word_1_101' title='bbox 148 1483 246 1547; x_wconf 92' lang='lat' dir='ltr'>porro</span> <span class='ocrx_word' id='word_1_102' title='bbox 275 1462 338 1528; x_wconf 90' lang='lat' dir='ltr'>hoc</span> <span class='ocrx_word' id='word_1_103' title='bbox 368 1460 543 1527; x_wconf 86' lang='lat' dir='ltr'>manifesto</span> <span class='ocrx_word' id='word_1_104' title='bbox 573 1460 885 1546; x_wconf 87' lang='lat' dir='ltr'>reprehendendum,</span> <span class='ocrx_word' id='word_1_105' title='bbox 919 1461 949 1526; x_wconf 91' lang='lat' dir='ltr'>si</span> <span class='ocrx_word' id='word_1_106' title='bbox 987 1460 1028 1527; x_wconf 88' lang='lat' dir='ltr'>ad</span> <span class='ocrx_word' id='word_1_107' title='bbox 1058 1481 1114 1526; x_wconf 87' lang='lat' dir='ltr'>ecs</span> 
     </span>
     <span class='ocr_line' id='line_1_16' title="bbox 149 1550 1168 1637; baseline 0 -21"><span class='ocrx_word' id='word_1_108' title='bbox 149 1551 370 1617; x_wconf 82' lang='lat' dir='ltr'>existimamus</span> <span class='ocrx_word' id='word_1_109' title='bbox 402 1550 566 1636; x_wconf 90' lang='lat' dir='ltr'>pertinere</span> <span class='ocrx_word' id='word_1_110' title='bbox 597 1551 755 1637; x_wconf 88' lang='lat' dir='ltr'>praemia,</span> <span class='ocrx_word' id='word_1_111' title='bbox 792 1550 834 1616; x_wconf 85' lang='lat' dir='ltr'>ad</span> <span class='ocrx_word' id='word_1_112' title='bbox 869 1570 951 1635; x_wconf 86' lang='lat' dir='ltr'>quos</span> <span class='ocrx_word' id='word_1_113' title='bbox 987 1571 1113 1634; x_wconf 89' lang='lat' dir='ltr'>poenae</span> <span class='ocrx_word' id='word_1_114' title='bbox 1134 1565 1168 1616; x_wconf 71' lang='lat'>15</span> 
     </span>
     <span class='ocr_line' id='line_1_17' title="bbox 149 1635 1113 1724; baseline -0.001 -20"><span class='ocrx_word' id='word_1_115' title='bbox 149 1639 322 1724; x_wconf 88' lang='lat' dir='ltr'>pertinent</span> <span class='ocrx_word' id='word_1_116' title='bbox 348 1640 432 1705; x_wconf 89' lang='lat' dir='ltr'>bene</span> <span class='ocrx_word' id='word_1_117' title='bbox 451 1639 576 1705; x_wconf 89' lang='lat' dir='ltr'>scilicet</span> <span class='ocrx_word' id='word_1_118' title='bbox 600 1638 638 1704; x_wconf 88' lang='lat' dir='ltr'>de</span> <span class='ocrx_word' id='word_1_119' title='bbox 662 1660 697 1704; x_wconf 88' lang='lat' dir='ltr'>re</span> <span class='ocrx_word' id='word_1_120' title='bbox 720 1639 852 1723; x_wconf 89' lang='lat' dir='ltr'>publica</span> <span class='ocrx_word' id='word_1_121' title='bbox 875 1639 1002 1723; x_wconf 87' lang='lat' dir='ltr'>meruit,</span> <span class='ocrx_word' id='word_1_122' title='bbox 1026 1635 1113 1724; x_wconf 82' lang='lat' dir='ltr'>quod</span> 
     </span>
     <span class='ocr_line' id='line_1_18' title="bbox 151 1726 1116 1814; baseline 0 -21"><span class='ocrx_word' id='word_1_123' title='bbox 151 1726 324 1812; x_wconf 85' lang='lat' dir='ltr'>aliquando</span> <span class='ocrx_word' id='word_1_124' title='bbox 350 1729 448 1794; x_wconf 86' lang='lat' dir='ltr'>finem</span> <span class='ocrx_word' id='word_1_125' title='bbox 475 1727 622 1814; x_wconf 79' lang='lat' dir='ltr'>inposuit</span> <span class='ocrx_word' id='word_1_126' title='bbox 644 1727 762 1794; x_wconf 87' lang='lat' dir='ltr'>harum</span> <span class='ocrx_word' id='word_1_127' title='bbox 785 1727 1037 1794; x_wconf 82' lang='lat' dir='ltr'>calamitatium:</span> <span class='ocrx_word' id='word_1_128' title='bbox 1064 1727 1116 1793; x_wconf 91' lang='lat' dir='ltr'>illi</span> 
     </span>
     <span class='ocr_line' id='line_1_19' title="bbox 151 1815 1116 1903; baseline -0.002 -21"><span class='ocrx_word' id='word_1_129' title='bbox 151 1817 274 1903; x_wconf 88' lang='lat' dir='ltr'>scripta</span> <span class='ocrx_word' id='word_1_130' title='bbox 292 1817 345 1882; x_wconf 88' lang='lat' dir='ltr'>lex</span> <span class='ocrx_word' id='word_1_131' title='bbox 364 1821 422 1882; x_wconf 86' lang='lat' dir='ltr'>est</span> <span class='ocrx_word' id='word_1_132' title='bbox 452 1838 519 1883; x_wconf 93' lang='lat' dir='ltr'>non</span> <span class='ocrx_word' id='word_1_133' title='bbox 537 1818 603 1902; x_wconf 88' lang='lat' dir='ltr'>illa,</span> <span class='ocrx_word' id='word_1_134' title='bbox 627 1817 683 1902; x_wconf 90' lang='lat' dir='ltr'>qui</span> <span class='ocrx_word' id='word_1_135' title='bbox 702 1817 918 1902; x_wconf 82' lang='lat' dir='ltr'>componebat</span> <span class='ocrx_word' id='word_1_136' title='bbox 935 1816 1016 1882; x_wconf 89' lang='lat' dir='ltr'>haec</span> <span class='ocrx_word' id='word_1_137' title='bbox 1033 1815 1116 1901; x_wconf 87' lang='lat' dir='ltr'>iura,</span> 
     </span>
     <span class='ocr_line' id='line_1_20' title="bbox 150 1905 1116 1991; baseline -0.002 -20"><span class='ocrx_word' id='word_1_138' title='bbox 150 1905 196 1972; x_wconf 84' lang='lat' dir='ltr'>sie</span> <span class='ocrx_word' id='word_1_139' title='bbox 224 1905 352 1972; x_wconf 91' lang='lat' dir='ltr'>locutus</span> <span class='ocrx_word' id='word_1_140' title='bbox 385 1909 448 1972; x_wconf 89' lang='lat' dir='ltr'>est:</span> <span class='ocrx_word' id='word_1_141' title='bbox 479 1927 567 1972; x_wconf 75' lang='lat' dir='ltr'>&gt;non</span> <span class='ocrx_word' id='word_1_142' title='bbox 591 1909 642 1971; x_wconf 88' lang='lat' dir='ltr'>est</span> <span class='ocrx_word' id='word_1_143' title='bbox 664 1906 745 1971; x_wconf 73' lang='lat' dir='ltr'>satie</span> <span class='ocrx_word' id='word_1_144' title='bbox 769 1906 813 1990; x_wconf 89' lang='lat' dir='ltr'>ei,</span> <span class='ocrx_word' id='word_1_145' title='bbox 845 1906 900 1991; x_wconf 89' lang='lat' dir='ltr'>qui</span> <span class='ocrx_word' id='word_1_146' title='bbox 925 1905 1116 1970; x_wconf 86' lang='lat' dir='ltr'>servitutem</span> 
     </span>
     <span class='ocr_line' id='line_1_21' title="bbox 149 1992 1169 2080; baseline 0.001 -21"><span class='ocrx_word' id='word_1_147' title='bbox 149 1995 196 2059; x_wconf 89' lang='lat' dir='ltr'>rei</span> <span class='ocrx_word' id='word_1_148' title='bbox 228 1995 378 2080; x_wconf 87' lang='lat' dir='ltr'>publicae</span> <span class='ocrx_word' id='word_1_149' title='bbox 401 1994 592 2080; x_wconf 84' lang='lat' dir='ltr'>detraxerit,</span> <span class='ocrx_word' id='word_1_150' title='bbox 621 1995 678 2078; x_wconf 90' lang='lat' dir='ltr'>qui</span> <span class='ocrx_word' id='word_1_151' title='bbox 700 1998 850 2060; x_wconf 89' lang='lat' dir='ltr'>monstra</span> <span class='ocrx_word' id='word_1_152' title='bbox 871 1993 965 2080; x_wconf 86' lang='lat' dir='ltr'>haec,</span> <span class='ocrx_word' id='word_1_153' title='bbox 997 1992 1114 2078; x_wconf 90' lang='lat' dir='ltr'>quibus</span> <span class='ocrx_word' id='word_1_154' title='bbox 1134 2007 1169 2060; x_wconf 78' lang='lat'>20</span> 
     </span>
     <span class='ocr_line' id='line_1_22' title="bbox 152 2081 1116 2168; baseline 0.001 -21"><span class='ocrx_word' id='word_1_155' title='bbox 152 2083 290 2148; x_wconf 82' lang='lat' dir='ltr'>libertas</span> <span class='ocrx_word' id='word_1_156' title='bbox 307 2083 447 2168; x_wconf 88' lang='lat' dir='ltr'>laborat,</span> <span class='ocrx_word' id='word_1_157' title='bbox 466 2084 522 2168; x_wconf 91' lang='lat' dir='ltr'>qui</span> <span class='ocrx_word' id='word_1_158' title='bbox 539 2082 688 2149; x_wconf 88' lang='lat' dir='ltr'>homines</span> <span class='ocrx_word' id='word_1_159' title='bbox 705 2083 890 2165; x_wconf 86' lang='lat' dir='ltr'>ad[versus]</span> <span class='ocrx_word' id='word_1_160' title='bbox 905 2083 1039 2149; x_wconf 88' lang='lat' dir='ltr'>deorum</span> <span class='ocrx_word' id='word_1_161' title='bbox 1057 2081 1116 2148; x_wconf 90' lang='lat' dir='ltr'>ho·</span> 
     </span>
     <span class='ocr_line' id='line_1_23' title="bbox 153 2170 1117 2256; baseline -0.001 -21"><span class='ocrx_word' id='word_1_162' title='bbox 153 2171 344 2255; x_wconf 89' lang='lat' dir='ltr'>minumque</span> <span class='ocrx_word' id='word_1_163' title='bbox 366 2171 519 2236; x_wconf 86' lang='lat' dir='ltr'>iniuriam</span> <span class='ocrx_word' id='word_1_164' title='bbox 536 2176 632 2237; x_wconf 88' lang='lat' dir='ltr'>natos</span> <span class='ocrx_word' id='word_1_165' title='bbox 652 2172 738 2237; x_wconf 86' lang='lat' dir='ltr'>etin</span> <span class='ocrx_word' id='word_1_166' title='bbox 757 2173 940 2256; x_wconf 87' lang='lat' dir='ltr'>exemplum</span> <span class='ocrx_word' id='word_1_167' title='bbox 959 2170 1117 2236; x_wconf 87' lang='lat' dir='ltr'>scelerum</span> 
     </span>
     <span class='ocr_line' id='line_1_24' title="bbox 157 2258 1117 2344; baseline 0.001 -21"><span class='ocrx_word' id='word_1_168' title='bbox 157 2259 364 2343; x_wconf 89' lang='lat' dir='ltr'>constitutos,</span> <span class='ocrx_word' id='word_1_169' title='bbox 381 2281 446 2344; x_wconf 90' lang='lat' dir='ltr'>quo</span> <span class='ocrx_word' id='word_1_170' title='bbox 465 2260 571 2343; x_wconf 81' lang='lat' dir='ltr'>magis</span> <span class='ocrx_word' id='word_1_171' title='bbox 589 2281 629 2326; x_wconf 87' lang='lat' dir='ltr'>ca</span> <span class='ocrx_word' id='word_1_172' title='bbox 646 2261 837 2343; x_wconf 86' lang='lat' dir='ltr'>odissemus,</span> <span class='ocrx_word' id='word_1_173' title='bbox 855 2259 1018 2343; x_wconf 90' lang='lat' dir='ltr'>occiderit,</span> <span class='ocrx_word' id='word_1_174' title='bbox 1040 2258 1117 2324; x_wconf 89' lang='lat' dir='ltr'>dum</span> 
     </span>
     <span class='ocr_line' id='line_1_25' title="bbox 154 2345 1117 2432; baseline 0 -21"><span class='ocrx_word' id='word_1_175' title='bbox 154 2345 248 2432; x_wconf 84' lang='lat' dir='ltr'>vivit,</span> <span class='ocrx_word' id='word_1_176' title='bbox 270 2350 401 2411; x_wconf 88' lang='lat' dir='ltr'>tantum</span> <span class='ocrx_word' id='word_1_177' title='bbox 422 2346 589 2431; x_wconf 82' lang='lat' dir='ltr'>honorari3</span> <span class='ocrx_word' id='word_1_178' title='bbox 613 2369 679 2413; x_wconf 93' lang='lat' dir='ltr'>non</span> <span class='ocrx_word' id='word_1_179' title='bbox 701 2347 871 2414; x_wconf 82' lang='lat' dir='ltr'>sufficiunt</span> <span class='ocrx_word' id='word_1_180' title='bbox 892 2348 1117 2432; x_wconf 82' lang='lat' dir='ltr'>magistratus,</span> 
     </span>
     <span class='ocr_line' id='line_1_26' title="bbox 153 2434 1170 2521; baseline -0.001 -20"><span class='ocrx_word' id='word_1_181' title='bbox 153 2455 215 2502; x_wconf 85' lang='lat' dir='ltr'>nco</span> <span class='ocrx_word' id='word_1_182' title='bbox 239 2435 319 2501; x_wconf 87' lang='lat' dir='ltr'>satis</span> <span class='ocrx_word' id='word_1_183' title='bbox 344 2439 420 2501; x_wconf 86' lang='lat' dir='ltr'>sunt</span> <span class='ocrx_word' id='word_1_184' title='bbox 441 2435 545 2501; x_wconf 86' lang='lat' dir='ltr'>tituli:</span> <span class='ocrx_word' id='word_1_185' title='bbox 581 2434 742 2501; x_wconf 84' lang='lat' dir='ltr'>habeatur</span> <span class='ocrx_word' id='word_1_186' title='bbox 765 2436 885 2521; x_wconf 83' lang='lat' dir='ltr'>aliquis</span> <span class='ocrx_word' id='word_1_187' title='bbox 909 2437 1009 2500; x_wconf 90' lang='lat' dir='ltr'>etiam</span> <span class='ocrx_word' id='word_1_188' title='bbox 1031 2457 1117 2501; x_wconf 89' lang='lat' dir='ltr'>mor-</span> <span class='ocrx_word' id='word_1_189' title='bbox 1135 2449 1170 2500; x_wconf 65' lang='grc' dir='ltr'>π</span> 
     </span>
     <span class='ocr_line' id='line_1_27' title="bbox 153 2523 1118 2609; baseline -0.003 -18"><span class='ocrx_word' id='word_1_190' title='bbox 153 2528 209 2591; x_wconf 78' lang='lat' dir='ltr'>tuo</span> <span class='ocrx_word' id='word_1_191' title='bbox 232 2523 348 2609; x_wconf 89' lang='lat' dir='ltr'>honor,</span> <span class='ocrx_word' id='word_1_192' title='bbox 372 2529 406 2590; x_wconf 86' lang='lat' dir='ltr'>at</span> <span class='ocrx_word' id='word_1_193' title='bbox 428 2523 470 2588; x_wconf 87' lang='lat' dir='ltr'>ad</span> <span class='ocrx_word' id='word_1_194' title='bbox 492 2524 676 2609; x_wconf 85' lang='lat' dir='ltr'>exemplum</span> <span class='ocrx_word' id='word_1_195' title='bbox 698 2524 903 2608; x_wconf 87' lang='lat' dir='ltr'>posteritatis</span> <span class='ocrx_word' id='word_1_196' title='bbox 928 2523 1118 2589; x_wconf 86' lang='lat' dir='ltr'>ostendatur</span> 
     </span>
     <span class='ocr_line' id='line_1_28' title="bbox 155 2612 1118 2698; baseline -0.002 -20"><span class='ocrx_word' id='word_1_197' title='bbox 155 2613 191 2678; x_wconf 90' lang='lat' dir='ltr'>in</span> <span class='ocrx_word' id='word_1_198' title='bbox 218 2613 291 2679; x_wconf 84' lang='lat' dir='ltr'>foro</span> <span class='ocrx_word' id='word_1_199' title='bbox 319 2613 516 2698; x_wconf 88' lang='lat' dir='ltr'>sepulerum,</span> <span class='ocrx_word' id='word_1_200' title='bbox 546 2633 588 2676; x_wconf 87' lang='lat' dir='ltr'>ne</span> <span class='ocrx_word' id='word_1_201' title='bbox 616 2613 688 2697; x_wconf 87' lang='lat' dir='ltr'>quis</span> <span class='ocrx_word' id='word_1_202' title='bbox 711 2612 830 2677; x_wconf 89' lang='lat' dir='ltr'>audeat</span> <span class='ocrx_word' id='word_1_203' title='bbox 850 2615 1010 2696; x_wconf 86' lang='lat' dir='ltr'>tyrannus</span> <span class='ocrx_word' id='word_1_204' title='bbox 1034 2632 1118 2696; x_wconf 83' lang='lat' dir='ltr'>esse3</span> 
     </span>
     <span class='ocr_line' id='line_1_29' title="bbox 152 2699 1118 2785; baseline -0.003 -19"><span class='ocrx_word' id='word_1_205' title='bbox 152 2705 191 2766; x_wconf 92' lang='lat' dir='ltr'>ut</span> <span class='ocrx_word' id='word_1_206' title='bbox 220 2723 333 2768; x_wconf 86' lang='lat' dir='ltr'>ornnes</span> <span class='ocrx_word' id='word_1_207' title='bbox 360 2701 510 2767; x_wconf 88' lang='lat' dir='ltr'>homines</span> <span class='ocrx_word' id='word_1_208' title='bbox 533 2701 754 2767; x_wconf 89' lang='lat' dir='ltr'>monumentis</span> <span class='ocrx_word' id='word_1_209' title='bbox 777 2699 874 2766; x_wconf 88' lang='lat' dir='ltr'>huius</span> <span class='ocrx_word' id='word_1_210' title='bbox 898 2699 1016 2785; x_wconf 86' lang='lat' dir='ltr'>sciant,</span> <span class='ocrx_word' id='word_1_211' title='bbox 1049 2699 1118 2784; x_wconf 91' lang='lat' dir='ltr'>qui·</span> 
     </span>
     <span class='ocr_line' id='line_1_30' title="bbox 154 2789 1117 2876; baseline 0 -22"><span class='ocrx_word' id='word_1_212' title='bbox 154 2789 215 2854; x_wconf 83' lang='lat' dir='ltr'>bur</span> <span class='ocrx_word' id='word_1_213' title='bbox 247 2791 401 2874; x_wconf 83' lang='lat' dir='ltr'>praemiis</span> <span class='ocrx_word' id='word_1_214' title='bbox 433 2790 588 2857; x_wconf 76' lang='lat' dir='ltr'>advemns</span> <span class='ocrx_word' id='word_1_215' title='bbox 619 2794 780 2876; x_wconf 86' lang='lat' dir='ltr'>tyrannos</span> <span class='ocrx_word' id='word_1_216' title='bbox 812 2789 1034 2876; x_wconf 79' lang='lat' dir='ltr'>tyrannicidae</span> <span class='ocrx_word' id='word_1_217' title='bbox 1065 2809 1117 2854; x_wconf 87' lang='lat' dir='ltr'>ar-</span> 
     </span>
     <span class='ocr_line' id='line_1_31' title="bbox 152 2877 1171 2964; baseline 0.002 -21"><span class='ocrx_word' id='word_1_218' title='bbox 152 2878 329 2943; x_wconf 71' lang='lat' dir='ltr'>menturrl</span> <span class='ocrx_word' id='word_1_219' title='bbox 365 2877 415 2943; x_wconf 87' lang='lat' dir='ltr'>ita</span> <span class='ocrx_word' id='word_1_220' title='bbox 442 2899 527 2944; x_wconf 90' lang='lat' dir='ltr'>nunc</span> <span class='ocrx_word' id='word_1_221' title='bbox 555 2878 610 2945; x_wconf 89' lang='lat' dir='ltr'>hic</span> <span class='ocrx_word' id='word_1_222' title='bbox 632 2884 801 2964; x_wconf 89' lang='lat' dir='ltr'>tamquam</span> <span class='ocrx_word' id='word_1_223' title='bbox 824 2880 929 2945; x_wconf 89' lang='lat' dir='ltr'>bonus</span> <span class='ocrx_word' id='word_1_224' title='bbox 953 2879 1046 2962; x_wconf 84' lang='lat' dir='ltr'>civis,</span> <span class='ocrx_word' id='word_1_225' title='bbox 1068 2878 1117 2943; x_wconf 89' lang='lat' dir='ltr'>ita</span> <span class='ocrx_word' id='word_1_226' title='bbox 1135 2891 1171 2945; x_wconf 78' lang='lat' dir='ltr'>uo</span> 
     </span>
     <span class='ocr_line' id='line_1_32' title="bbox 151 2965 1117 3052; baseline 0 -20"><span class='ocrx_word' id='word_1_227' title='bbox 151 2970 321 3052; x_wconf 75' lang='lat' dir='ltr'>tanquam</span> <span class='ocrx_word' id='word_1_228' title='bbox 341 2965 499 3032; x_wconf 88' lang='lat' dir='ltr'>liberator</span> <span class='ocrx_word' id='word_1_229' title='bbox 521 2967 618 3032; x_wconf 90' lang='lat' dir='ltr'>huius</span> <span class='ocrx_word' id='word_1_230' title='bbox 641 2969 786 3034; x_wconf 83' lang='lat' dir='ltr'>civitatis</span> <span class='ocrx_word' id='word_1_231' title='bbox 810 2966 1046 3034; x_wconf 80' lang='lat' dir='ltr'>honorabitur?</span> <span class='ocrx_word' id='word_1_232' title='bbox 1070 2965 1117 3032; x_wconf 91' lang='lat' dir='ltr'>sic</span> 
     </span>
    </p>
   </div>
   <div class='ocr_carea' id='block_1_5' title="bbox 149 3209 1115 3493">
    <p class='ocr_par' dir='ltr' id='par_1_5' title="bbox 149 3209 1115 3493">
     <span class='ocr_line' id='line_1_33' title="bbox 221 3209 1115 3282; baseline -0.004 -16"><span class='ocrx_word' id='word_1_233' title='bbox 221 3217 236 3266; x_wconf 75' lang='lat'><em>2</em></span> <span class='ocrx_word' id='word_1_234' title='bbox 256 3210 360 3267; x_wconf 76' lang='lat' dir='ltr'>luoid</span> <span class='ocrx_word' id='word_1_235' title='bbox 378 3215 402 3263; x_wconf 81' lang='grc' dir='ltr'><strong>Δ</strong></span> <span class='ocrx_word' id='word_1_236' title='bbox 421 3211 432 3279; x_wconf 80' lang='grc' dir='ltr'>Ι</span> <span class='ocrx_word' id='word_1_237' title='bbox 451 3215 468 3265; x_wconf 82' lang='lat'>4</span> <span class='ocrx_word' id='word_1_238' title='bbox 488 3209 653 3280; x_wconf 82' lang='lat' dir='ltr'>sepeliretur</span> <span class='ocrx_word' id='word_1_239' title='bbox 670 3211 700 3265; x_wconf 89' lang='lat' dir='ltr'>in</span> <span class='ocrx_word' id='word_1_240' title='bbox 718 3211 779 3266; x_wconf 81' lang='lat' dir='ltr'>foro</span> <span class='ocrx_word' id='word_1_241' title='bbox 798 3213 842 3280; x_wconf 73' lang='grc' dir='ltr'>ΒΙΙ</span> <span class='ocrx_word' id='word_1_242' title='bbox 861 3218 877 3267; x_wconf 85' lang='grc'>9</span> <span class='ocrx_word' id='word_1_243' title='bbox 896 3210 1029 3266; x_wconf 80' lang='lat' dir='ltr'>iniuriam</span> <span class='ocrx_word' id='word_1_244' title='bbox 1046 3215 1088 3263; x_wconf 75' lang='lat' dir='ltr'>Aa</span> <span class='ocrx_word' id='word_1_245' title='bbox 1104 3209 1115 3282; x_wconf 68' lang='lat' dir='ltr'>ll</span> 
     </span>
     <span class='ocr_line' id='line_1_34' title="bbox 151 3280 1114 3352; baseline 0.003 -18"><span class='ocrx_word' id='word_1_246' title='bbox 151 3288 186 3335; x_wconf 81' lang='lat'>14</span> <span class='ocrx_word' id='word_1_247' title='bbox 204 3282 240 3336; x_wconf 83' lang='lat' dir='ltr'>ad</span> <span class='ocrx_word' id='word_1_248' title='bbox 254 3281 321 3337; x_wconf 86' lang='lat' dir='ltr'>deos</span> <span class='ocrx_word' id='word_1_249' title='bbox 335 3287 359 3335; x_wconf 81' lang='grc' dir='ltr'><strong>Δ</strong></span> <span class='ocrx_word' id='word_1_250' title='bbox 372 3284 382 3352; x_wconf 86' lang='lat' dir='ltr'>l</span> <span class='ocrx_word' id='word_1_251' title='bbox 396 3288 429 3336; x_wconf 79' lang='lat'>15</span> <span class='ocrx_word' id='word_1_252' title='bbox 449 3281 640 3336; x_wconf 87' lang='lat' dir='ltr'>existimamus</span> <span class='ocrx_word' id='word_1_253' title='bbox 659 3282 845 3352; x_wconf 69' lang='lat' dir='ltr'>Bupraemia</span> <span class='ocrx_word' id='word_1_254' title='bbox 862 3280 1003 3352; x_wconf 85' lang='lat' dir='ltr'>pertinere</span> <span class='ocrx_word' id='word_1_255' title='bbox 1021 3282 1114 3349; x_wconf 71' lang='grc' dir='ltr'>311ιῖ</span> 
     </span>
     <span class='ocr_line' id='line_1_35' title="bbox 150 3350 1114 3425; baseline 0 -19"><span class='ocrx_word' id='word_1_256' title='bbox 150 3350 345 3408; x_wconf 78' lang='lat' dir='ltr'>calamitatum</span> <span class='ocrx_word' id='word_1_257' title='bbox 362 3357 383 3405; x_wconf 79' lang='lat' dir='ltr'>B</span> <span class='ocrx_word' id='word_1_258' title='bbox 406 3354 416 3422; x_wconf 82' lang='lat' dir='ltr'>ss</span> <span class='ocrx_word' id='word_1_259' title='bbox 438 3358 471 3407; x_wconf 76' lang='lat'>21</span> <span class='ocrx_word' id='word_1_260' title='bbox 492 3351 654 3425; x_wconf 84' lang='lat' dir='ltr'>ad[versus]</span> <span class='ocrx_word' id='word_1_261' title='bbox 673 3352 722 3408; x_wconf 81' lang='lat' dir='ltr'>Bu</span> <span class='ocrx_word' id='word_1_262' title='bbox 745 3353 754 3422; x_wconf 88' lang='lat' dir='ltr'>l</span> <span class='ocrx_word' id='word_1_263' title='bbox 777 3358 882 3408; x_wconf 78' lang='lat'><strong>25--26</strong></span> <span class='ocrx_word' id='word_1_264' title='bbox 901 3353 1010 3407; x_wconf 75' lang='lat' dir='ltr'>*stiam</span> <span class='ocrx_word' id='word_1_265' title='bbox 1028 3353 1114 3408; x_wconf 87' lang='lat' dir='ltr'>morti</span> 
     </span>
     <span class='ocr_line' id='line_1_36' title="bbox 149 3421 540 3493; baseline 0.003 -18"><span class='ocrx_word' id='word_1_266' title='bbox 149 3421 239 3477; x_wconf 89' lang='lat' dir='ltr'>honor</span> <span class='ocrx_word' id='word_1_267' title='bbox 257 3426 289 3493; x_wconf 73' lang='lat' dir='ltr'>A,</span> <span class='ocrx_word' id='word_1_268' title='bbox 307 3423 392 3478; x_wconf 82' lang='lat' dir='ltr'>etiam</span> <span class='ocrx_word' id='word_1_269' title='bbox 411 3424 501 3481; x_wconf 91' lang='lat' dir='ltr'>honor</span> <span class='ocrx_word' id='word_1_270' title='bbox 519 3428 540 3476; x_wconf 77' lang='lat' dir='ltr'>B</span> 
     </span>
    </p>
   </div>
   <div class='ocr_carea' id='block_1_6' title="bbox 0 0 1351 3960">
    <p class='ocr_par' dir='ltr' id='par_1_6' title="bbox 0 0 1351 3960">
     <span class='ocr_line' id='line_1_37' title="bbox 0 0 1351 3960; baseline 0 0"><span class='ocrx_word' id='word_1_271' title='bbox 0 0 1351 3960; x_wconf 95' lang='lat' dir='ltr'> </span> 
     </span>
    </p>
   </div>
  </div>
 </body>
</html>
