2692 3960
357 141 676 199 DECLAMATIONES.
695 141 861 199 cccxxln.
1032 141 1096 210 271

130 305 284 391 religioni
317 305 489 372 &movere
523 327 620 371 ausus
654 309 716 391 est,
743 306 907 373 intellexit
938 308 1002 374 sibi
1032 330 1098 375 non

131 415 203 460 esse
226 393 350 460 bellum
372 395 552 461 nobiseum.
592 395 732 460 libenter
754 395 862 481 audio,
884 417 967 482 quae
982 419 1029 472 ex
1052 397 1098 464 di-

132 503 229 550 versa
251 487 345 567 parte
369 483 533 550 dicunturr
560 503 695 568 aegrum
718 485 903 569 exercitum,
925 487 1098 571 praecipiti

130 576 237 638 morte
269 577 479 656 consumptas
513 574 633 657 copias.
688 573 762 658 quis
794 574 881 639 enim
912 596 978 640 nou
1010 575 1098 640 ridet

132 660 246 726 omnia
272 661 338 726 ista
367 661 456 727 facta
484 681 567 746 esse,
599 665 637 727 ut
663 683 775 728 rursus
802 664 965 748 templum
989 664 1132 730 essetis

130 750 181 815 ite
203 749 291 814 illius
315 771 442 835 quoque
465 749 620 817 concitati
644 748 697 836 (ut
720 750 916 838 audi<s>tis)
936 773 973 818 ac
995 756 1096 818 teme·

130 838 211 904 rarii
233 838 358 905 iuvenis
382 843 489 906 motus
514 842 564 904 est
587 840 724 906 animus.
772 840 855 906 vidit
878 863 945 908 non
967 841 1097 908 aliunde

129 927 308 1014 petendum
341 947 424 1012 esse,
455 949 553 1013 quam
581 949 600 993 a
628 928 677 994 dis
704 927 947 1012 inmortalibus,
976 930 1097 1016 praesi-

131 1015 231 1082 dium.
277 1016 443 1082 oraculum
473 1016 636 1102 poposcit:
669 1039 752 1102 quae
779 1017 833 1083 hic
861 1019 957 1104 culpa
983 1021 1097 1085 nostra

114 1105 205 1170 -est't
228 1105 362 1190 accepit
386 1104 536 1172 videlicet
559 1105 604 1171 dii
621 1105 812 1172 inmortales
831 1110 869 1172 ut
886 1106 1096 1193 peccantibus
1118 1123 1150 1172 10

130 1213 265 1279 graves,
297 1193 344 1260 ita
377 1193 655 1260 satisfacientibus
688 1193 810 1262 faciles.
856 1195 884 1262 si
915 1196 1098 1264 noluissent

130 1282 311 1348 remedium
338 1281 389 1348 illi
415 1281 623 1367 pestilentiae
651 1283 851 1372 concedere,¹
866 1306 932 1350 non
955 1285 1097 1350 indicare

130 1373 318 1456 potuerunt.
352 1370 484 1438 restitui
507 1372 630 1438 iussere
653 1372 786 1456 templa.
819 1373 944 1458 gratita
967 1373 1097 1458 publice

131 1459 350 1544 privatimqae
370 1481 519 1547 agamus:
539 1459 686 1526 dedicare
704 1461 769 1546 ipsi
787 1479 852 1526 non
870 1461 1096 1544 permiserunt.

133 1548 275 1614 divisum
301 1548 522 1632 partitumque
549 1570 706 1633 responso
731 1552 789 1633 est,
813 1549 889 1634 qnid
912 1548 1098 1616 Alexander
1117 1564 1150 1614 15

130 1637 238 1703 facere
267 1633 413 1716 deberet,
447 1637 523 1722 quid
550 1659 619 1702 nos.
665 1637 721 1703 illc
745 1637 831 1723 quod
854 1637 980 1722 debuit,
1006 1638 1097 1704 iecit:

132 1726 293 1810 templum
317 1726 494 1812 speciosius
517 1747 614 1810 quem
637 1725 744 1791 fuerat
767 1731 800 1792 et
818 1727 936 1792 cultius
955 1726 1099 1792 extruxit

135 1813 243 1880 animo
272 1815 360 1899 regis
389 1815 617 1899 periclitantis:
645 1819 755 1898 partes
786 1819 976 1901 supererant
997 1837 1098 1881 meae.

134 1923 252 1968 eremo
275 1925 328 1968 me
351 1902 459 1986 vobis,
489 1903 534 1967 dii
556 1902 761 1989 inmortales,
784 1904 870 1989 quod
893 1926 959 1971 non
984 1904 1097 1972 statim

133 1991 173 2056 ad
200 1991 423 2058 condicionem
446 1991 658 2058 dedicationis
682 1994 813 2059 accessi.
858 1992 921 2059 boc
944 1994 1029 2059 enim
1057 2013 1096 2058 ex
1116 2007 1149 2056 20

132 2100 291 2166 responso
322 2083 354 2146 et
379 2081 564 2147 Alexandro
594 2082 673 2148 satis
702 2086 786 2167 erat,
818 2081 905 2167 quod
932 2083 1097 2167 permitte

134 2166 255 2250 ba[n]t.
310 2189 371 2254 ego
398 2169 609 2236 nibilominus
639 2190 760 2255 magua
791 2170 936 2238 mercede
969 2171 1097 2255 suscepi

134 2256 199 2322 boc
222 2255 379 2324 officium:
402 2279 516 2343 pacem
535 2259 679 2342 poposci.
702 2259 887 2343 impetravi.
919 2259 1022 2325 veluti
1039 2281 1096 2325 cre

135 2344 240 2430 ipsius
264 2345 316 2411 dei
338 2346 445 2412 iussus
469 2346 628 2432 promisit,
650 2348 825 2430 praestitit.
861 2347 942 2414 hacc
965 2350 1015 2413 est
1038 2349 1097 2414 cri·

133 2433 260 2500 minum
277 2449 434 2521 meorum,
456 2435 586 2518 iudices,
605 2455 745 2500 summa:
769 2441 802 2502 et
820 2436 980 2521 templum
997 2436 1096 2502 bebe-
1115 2450 1149 2500 rc

135 2543 208 2590 mus
233 2526 267 2588 et
288 2543 412 2608 pacem.
443 2523 532 2590 hosti
555 2543 650 2607 opem
674 2524 789 2590 tulisse
812 2525 909 2590 dicor.

199 2609 353 2678 Nondum
372 2632 486 2679 causas
509 2611 589 2678 iacti
611 2613 677 2678 mei
698 2612 807 2696 reddo,
828 2613 974 2678 nondum
995 2613 1096 2678 ratio-

131 2719 207 2766 nem
228 2700 313 2786 legis
334 2701 439 2786 ipsius
463 2701 606 2768 excutio:
629 2701 770 2785 interim,
793 2701 870 2785 quid
893 2723 952 2768 ros
970 2701 1095 2784 putatis

133 2809 228 2872 opem
247 2788 353 2854 ferre?
372 2810 475 2874 neque
496 2790 582 2855 enim
596 2789 629 2854 id
645 2790 750 2857 solum
760 2791 927 2875 quaeritur
940 2789 1000 2854 bec
1014 2789 1097 2876 lege,

134 2897 177 2940 an
200 2875 320 2960 aliquis
342 2876 431 2942 hosti
454 2878 623 2963 profuerit.
653 2879 758 2946 multa
782 2879 876 2965 enim,
900 2900 981 2964 quae
999 2878 1095 2944 utilia
1114 2893 1148 2943 co

135 2967 212 3030 sunt
234 2963 331 3048 hosti,
357 2968 389 3029 et
412 2966 507 3033 inviti
530 2971 564 3032 et
586 2967 795 3052 inprudentes
819 2967 967 3036 facimus.
1010 2966 1096 3032 ideo·

133 3075 194 3137 qne
216 3052 296 3118 hoec
323 3074 390 3119 non
413 3057 582 3140 complexa
603 3057 656 3122 lex
679 3060 743 3139 est,
767 3055 823 3122 sed
846 3057 998 3121 adversus
1022 3077 1096 3120 eum

202 3213 220 3264 2
239 3207 356 3265 liberter
374 3215 415 3266 Δι
427 3213 466 3282 ΙΙΒ
486 3211 641 3282 praecipite
660 3213 733 3282 Bit
752 3210 1023 3284 audi<s>tis1ton8
1042 3209 1096 3264 diis

131 3283 152 3332 B
173 3280 183 3350 ll
206 3285 240 3335 10
261 3287 292 3334 Ν
311 3285 337 3405 i
357 3283 367 3352 l
389 3288 422 3338 15
441 3283 567 3338 derisum
587 3283 632 3351 ΔΙΙ
646 3282 805 3353 ριιιῑπιᾳιιο
824 3286 865 3336 As
878 3284 888 3352 ll
903 3288 935 3337 17
955 3281 1095 3352 speciosus

132 3353 196 3422 Abu
211 3356 244 3406 19
264 3350 294 3406 di
335 3354 425 3422 bll²⁰
444 3352 518 3408 enim
539 3369 588 3408 om.
603 3358 644 3406 Aa
657 3355 666 3422 ΙΙ
680 3359 713 3409 21
732 3351 963 3426 permitteba[u]t
982 3351 1024 3408 Gr
1037 3355 1047 3424 l
1061 3358 1094 3408 26

133 3421 218 3477 decor
236 3426 277 3476 Aa
290 3423 301 3491 ΙΙ
314 3428 348 3477 82
368 3425 421 3479 boc
441 3427 501 3491 AB,
522 3439 591 3480 corr.
610 3424 654 3480 Rc
