2682 3956
244 140 310 204 384
608 87 838 204 dommum

243 303 353 367 meriti
376 302 604 386 gravissimum
628 301 692 366 sibi
714 301 836 366 crimen
858 298 953 384 obici,
975 301 1014 364 ut
1036 299 1093 382 qui
1113 297 1204 363 aolus
1327 363 1328 376 p

244 389 491 474 rempublicam
506 390 695 474 defenderit,
710 389 893 473 opprimere
907 387 1051 452 voluisse
1066 387 1203 452 dicatur.

626 582 815 651 cocum.

524 707 799 794 Dispensatores
823 707 924 779 torti.

210 834 383 912 sucidam
418 833 460 898 ab
493 833 655 898 infitiante
681 834 816 919 petebat
842 832 1034 917 depositum.
1079 833 1206 916 disper·

334 926 457 988 satores
481 922 650 1006 utriusque
674 923 754 988 torti
777 922 940 988 contraria
961 921 1101 986 dominis
1119 920 1206 986 dixe-

334 1016 418 1077 runt.
443 1011 483 1078 de
507 1011 635 1095 integro
658 1011 699 1076 lis
723 1015 782 1077 est.

638 1205 809 1272 SERMO.

313 1331 439 1402 Petitur
461 1354 592 1398 necesse
616 1335 667 1397 est
683 1331 820 1398 infamet
839 1329 1096 1415 dispensatorem
1113 1353 1208 1396 suum

195 1439 228 1488 ιο
246 1426 280 1487 et
310 1421 398 1486 dicat
429 1421 469 1486 ab
503 1421 687 1486 edversario
720 1423 921 1504 corruptum:
954 1423 987 1485 et
1020 1441 1058 1484 ea
1089 1419 1208 1486 fidncia

246 1531 316 1576 esse
340 1510 433 1576 illum
456 1509 645 1595 infitiatum,
669 1531 742 1575 cum
765 1508 971 1593 promitteret
994 1507 1209 1594 dispensator,

246 1601 440 1682 negaturum
470 1619 504 1668 so
532 1599 631 1666 etiem
658 1598 692 1666 iu
720 1597 903 1666 tormentis.
948 1598 1060 1684 itaque
1090 1597 1130 1662 ob
1155 1597 1209 1662 ad·

246 1687 391 1754 versario
413 1689 539 1772 natum,
561 1709 635 1754 cum
658 1686 699 1751 lis
723 1688 824 1752 esset:
856 1685 1117 1770 >dispensatores
1141 1689 1208 1751 tor-

247 1796 429 1862 queamus«
475 1776 614 1846 altorum
641 1773 727 1840 huno
754 1775 1012 1860 dispensatorem
1041 1773 1112 1839 sani
1134 1796 1209 1860 pro-

196 1881 229 1930 15
247 1865 347 1950 positi
372 1863 465 1948 dicet,
488 1865 544 1952 qui
568 1886 696 1948 semper
719 1864 882 1947 accepisse
905 1884 939 1927 se
961 1863 1071 1948 palam
1090 1863 1211 1930 dixerit

248 1956 282 2018 et
305 1952 428 2038 statim,
451 1975 524 2020 cum
548 1953 642 2017 datus
662 1953 705 2021 sit
723 1952 758 2020 in
776 1955 949 2036 tormenta,
971 1951 1034 2020 hoc
1055 1951 1119 2020 sibi
1137 1973 1211 2040 pro

247 2041 407 2128 posuerit:
430 2041 552 2127 ›quid?
576 2060 637 2125 ego
662 2062 724 2125 quo
748 2041 892 2124 praemio
916 2039 1100 2106 mentiar?‹
1133 2063 1209 2106 con·
1325 2079 1326 2086 κ

248 2130 368 2195 fessum
402 2151 481 2200 esse.
527 2128 572 2194 Et
601 2129 663 2194 hoo
696 2128 730 2196 in
762 2128 843 2194 locis
875 2128 987 2194 valens
1021 2133 1084 2194 est:
1111 2134 1211 2194 »tuus

249 2218 453 2304 dispensator
481 2219 642 2302 accepisse
670 2239 705 2282 se
734 2218 794 2302 ait,
825 2239 917 2282 meus
944 2217 1070 2284 dedisse
1095 2221 1211 2302 negat:

195 2324 230 2373 20
248 2305 344 2373 huius
377 2307 543 2395 potentior
573 2328 635 2372 vox
668 2311 731 2394 est3
764 2309 876 2392 potest
907 2305 993 2372 enim
1022 2307 1121 2374 etiam
1153 2328 1213 2396 per

249 2395 349 2462 alium
385 2399 556 2462 numerata
598 2395 701 2462 videri
736 2395 903 2481 pecuniae
963 2394 1062 2464 Initio
1101 2399 1211 2466 autem

248 2482 334 2550 dicet
365 2483 451 2548 huno
483 2482 546 2550 sibi
579 2483 740 2568 placuisse
772 2506 915 2564 servum,
948 2487 982 2548 et
1009 2484 1082 2551 ideo
1113 2506 1213 2568 supra

248 2572 393 2640 rationes
426 2593 496 2638 esse
524 2573 681 2658 positum3
715 2573 769 2640 sed
798 2575 912 2656 postea
939 2575 973 2637 et
995 2571 1129 2638 licentia
1151 2595 1214 2640 sue

250 2665 283 2726 et
311 2660 483 2726 securitate
511 2661 647 2745 domini,
676 2664 731 2744 qui
759 2661 809 2728 illi
831 2661 1006 2745 plurimum
1030 2660 1213 2747 crediderit,

196 2766 230 2815 ab
250 2771 320 2815 esse
339 2749 373 2814 in
392 2749 473 2815 vitia
495 2773 515 2814 a
533 2750 645 2817 multis
665 2753 863 2834 corruptum,
882 2754 1056 2836 antequam
1075 2751 1116 2816 ab
1134 2749 1214 2816 hoo:

250 2843 283 2902 et
310 2837 382 2902 ideo
414 2861 447 2903 se
471 2838 667 2922 deposuisse.
712 2837 796 2902 hanc
821 2838 883 2902 sibi
906 2838 1088 2922 deponendi
1111 2838 1214 2904 fuisse

250 2948 394 3011 oausam,
422 2949 494 2993 cum
522 2926 646 2992 videret
672 2926 707 2992 in
734 2927 820 2991 malo
850 2932 940 2996 statu
963 2927 1106 2996 rationes
1131 2949 1213 2992 esse.

1173 3096 1185 3124 1

321 3143 337 3191 2
357 3135 593 3204 emendaretur,
612 3153 681 3192 corr.
700 3138 785 3206 Accu
808 3142 824 3191 5
843 3136 979 3191 infitiente
998 3139 1073 3208 ΔΜ
1092 3135 1216 3208 integio·

250 3206 288 3262 ris
307 3209 350 3262 est
368 3212 391 3259 Δ
404 3209 413 3278 ΙΙ
434 3214 466 3263 10
484 3212 520 3256 Ψ
539 3209 572 3261 cn
588 3224 673 3278 marp.
694 3211 740 3277 ΔΙΙ
761 3213 865 3262 12-13
885 3208 948 3262 adv.
968 3208 1150 3265 subornatum
1169 3213 1189 3259 Ρ
1208 3209 1218 3278 t}

252 3283 356 3332 14-15
374 3279 528 3348 praepositi
545 3280 594 3348 311
618 3285 650 3333 15
668 3279 751 3334 decet
768 3283 817 3332 AB
835 3278 845 3346 ss
869 3283 901 3333 1⁶
921 3279 1019 3333 datum
1037 3283 1082 3349 Bp
1107 3284 1214 3336 16-17

251 3352 434 3416 proposuerat
452 3354 499 3403 An
513 3351 523 3419 ΙΙ
537 3355 571 3402 22
589 3351 635 3404 hio
654 3354 710 3418 ΔΒ,
729 3367 798 3404 corr.
820 3349 873 3404 scu
885 3350 895 3418 ΙΙ
909 3355 943 3403 28
958 3349 1096 3406 ratione
1117 3355 1140 3402 Δ
1152 3352 1163 3419 t
1176 3357 1215 3406 25

250 3419 306 3469 isse
324 3418 504 3487 Bnanquam
522 3420 567 3488 ΔΙ]
582 3420 618 3472 ad
636 3424 657 3473 B
