2682 3956
363 125 681 184 DEOLAMATIONES.
701 125 880 186 cccxxvss.
1047 128 1113 194 419

150 290 389 358 adulescentiae
412 289 556 373 crimina,
580 294 615 354 et
636 310 677 354 ne
700 289 736 353 in
754 290 870 356 scortis
889 291 1019 376 quidem
1035 313 1111 357 reus

149 381 234 446 male
262 378 366 446 sudio.
411 380 484 463 plus
512 376 654 444 fortasse
683 398 781 462 quam
807 379 948 463 putetis,
979 380 1113 466 iudices,

149 469 343 555 pollicebor:
365 489 433 534 non
451 467 629 554 quemlibet
647 488 687 531 ex
705 466 771 532 illis
792 467 965 551 subselliis,
983 467 1040 532 sad
1058 491 1111 535 ao·

150 561 331 624 cusatorem
358 556 467 641 ipsum
494 553 697 622 laudatorem
725 554 822 621 dabo:
852 576 1032 640 uumquum
1054 557 1111 622 ab·

150 646 279 714 dicavit.
323 645 435 730 quidni
458 643 547 710 non?
584 644 768 727 abdicaret,
796 644 889 712 cuius
912 665 979 708 non
1002 644 1147 710 solome

149 735 379 819 innocentiam,
401 733 458 798 sed
481 732 579 798 etiam
602 733 757 798 virtutem
780 732 1002 818 cognoverat?
1047 731 1110 798 Fa·

150 824 242 891 cinus
269 822 455 910 indiguuml
492 821 577 886 inter
606 821 755 905 speciosa
781 820 920 888 militiae
944 842 1044 905 opera
1065 821 1112 886 iu·

149 912 282 998 pietatis
300 913 447 998 privatae
465 931 540 976 reus
559 932 640 993 sum,
659 931 801 995 sponsor
819 910 936 976 salutis
955 910 1112 996 publices.

149 1025 216 1069 non
238 1006 315 1068 sunt
338 999 481 1068 eiusdem
503 1000 646 1083 pectoris
669 999 751 1064 vitia
774 1002 808 1064 et
830 998 978 1066 virtutes.
1011 999 1112 1065 etiam

149 1113 209 1177 pro
232 1090 348 1156 alienis
371 1088 519 1174 patribus
542 1087 698 1154 dimicare
719 1088 821 1154 soleo.
1133 1101 1167 1151 ιο

217 1177 280 1243 Sed
302 1177 442 1244 forsitan
464 1197 529 1242 nou
552 1177 659 1242 solum
681 1197 811 1260 puram,
839 1175 896 1243 sed
919 1176 1019 1242 etiem
1042 1196 1112 1261 spe·

151 1267 274 1332 ciosum
303 1265 524 1331 innocentiam
556 1268 672 1349 gravet
701 1264 737 1328 in
765 1263 976 1350 parricidium
1000 1285 1114 1331 causa:

149 1353 308 1440 numquid
326 1353 536 1420 abdicaveres
555 1355 588 1417 et
606 1373 722 1417 exuere
740 1353 925 1418 naturalem
943 1351 1113 1437 indulgen·

150 1443 232 1510 tiam
254 1443 344 1526 prior
366 1440 545 1508 docueras?
569 1439 734 1506 suetiam
759 1441 819 1522 [iu]
843 1439 1035 1506 hereditatis
1059 1461 1112 1506 cu·

150 1531 287 1617 piditate
310 1530 462 1597 volebam
483 1533 517 1595 te
541 1528 709 1595 occidere?
733 1528 859 1594 scilicet
877 1528 1045 1594 immensis
1064 1529 1113 1594 lu·
1134 1543 1167 1592 re

151 1620 265 1686 xruiae
294 1622 448 1686 ouerutus
477 1617 613 1684 damnis.
660 1638 703 1682 au
729 1616 904 1682 infeliciter
926 1621 960 1683 te
983 1617 1114 1683 iubente

151 1729 374 1796 pugnaveram
397 1711 431 1772 et
454 1707 591 1772 inertiae
614 1727 755 1790 poenam
779 1706 935 1772 verebar?
980 1705 1118 1790 „lmmo‚

152 1798 271 1883 inquit,
293 1797 416 1863 invitus
440 1793 635 1862 mssitubasf‘
667 1795 714 1860 sio
738 1793 776 1860 lit
800 1815 886 1880 ergo,
908 1797 946 1860 nt
969 1793 1115 1879 quisquis

151 1887 281 1953 hostem
304 1885 407 1970 timet,
429 1889 557 1970 petrem
581 1882 730 1950 occidat?
753 1903 831 1969 ergo
855 1884 941 1950 iners
965 1881 1114 1948 suml-z

150 1976 243 2060 atqui
268 1973 430 2060 parricide
456 1995 523 2040 non
551 1971 658 2039 solum
687 1972 793 2038 audax
821 1972 917 2040 debet
940 1993 1025 2055 esse,
1057 1971 1114 2038 sed
1133 1985 1168 2036 20

150 2065 249 2130 etiam
274 2063 476 2130 temerarius.
509 2059 655 2128 invitus?
678 2084 737 2124 -r
761 2060 840 2147 quid
862 2060 962 2146 ergo?
998 2079 1115 2145 rogare

149 2172 217 2217 nou
238 2148 450 2236 possum,'sd
472 2171 584 2233 preces
608 2150 792 2229 decurrere,
814 2171 882 2216 non
904 2150 945 2214 ed
967 2153 1113 2214 venena?

150 2240 269 2304 iterum
292 2237 444 2322 adlegare
467 2239 589 2322 amicos
612 2259 679 2302 non
701 2236 858 2324 possum?
880 2237 1018 2322 denique
1038 2235 1112 2321 (εἰ)

150 2348 351 2412 perseveras,
373 2326 457 2393 mori
479 2347 546 2391 non
568 2324 723 2410 possum?
747 2325 833 2411 finge
857 2325 959 2408 enim,
981 2326 1112 2410 qualem

151 2421 186 2482 te
209 2415 290 2482 velis
314 2435 393 2481 esso.
438 2413 622 2479 crudelem?
645 2417 679 2478 et
700 2412 787 2480 huno
809 2412 905 2479 iudex
928 2413 1115 2494 vindicabit,
1133 2426 1168 2478 so

150 2509 184 2570 et
206 2507 341 2589 propter
363 2503 450 2568 huno
473 2501 592 2568 occidet
613 2501 741 2568 filium?
769 2502 827 2568 sed
849 2502 965 2568 melius
990 2523 1051 2588 ego
1075 2502 1115 2568 de

20 2663 25 2681 ,
149 2597 184 2660 te
206 2593 322 2660 iudico.
349 2595 430 2677 puto
449 2595 483 2657 te
502 2591 613 2657 omnic
630 2590 839 2674 indulgenter
857 2592 1019 2675 imperare
1036 2589 1115 2656 filio.

151 2682 247 2748 aride
274 2685 326 2748 est
351 2680 476 2766 gloriae
507 2681 645 2764 paterne
671 2679 791 2763 pietas:
822 2681 939 2744 nostra
960 2678 1115 2746 tirocinia

149 2769 317 2836 timidiora
335 2773 419 2836 eunt
441 2768 599 2853 numquid
616 2767 799 2852 offenderis,
818 2767 847 2832 si
861 2771 894 2832 te
909 2766 1030 2834 leudo?
1055 2766 1112 2833 sed

149 2858 274 2924 netuli
298 2857 427 2942 quidem
450 2857 538 2942 petri
559 2857 683 2942 paroc?
1130 2867 1165 2918 3ο

218 3120 288 3206 pet
305 3135 356 3176 cm.
373 3119 419 3201 s]
433 3120 462 3174 et
478 3119 538 3174 tam
555 3119 649 3188 ¹l¹²
668 3120 770 3188 urgeat
789 3117 846 3173 cor
867 3118 878 3186 ΙΙ
901 3122 935 3172 14
955 3115 1010 3188 [in]
1027 3115 1115 3200 riceii

148 3191 599 3335 sanctissimis*
612 3194 722 3342 ccc:
740 3205 802 3329 rr
819 3189 1025 3330 rideris
1042 3203 1115 3328 ru

148 3332 230 3389 indes
247 3338 324 3388 Η
337 3334 348 3402 l
362 3338 396 3387 26
414 3335 509 3403 preter
525 3334 546 3385 B
560 3333 570 3401 ΙΙ
584 3330 689 3387 cccrdrt
705 3333 763 3398 AB,
782 3345 854 3386 corr.
921 3327 1000 3398 ‚lid
1018 3330 1115 3399 tyran·

150 3402 257 3459 uicidia
273 3409 294 3457 B
312 3405 375 3474 1129
393 3420 467 3459 nunc
487 3402 555 3472 quid
572 3404 735 3472 Putet-30
754 3401 803 3458 sed
821 3398 913 3457 netuli
930 3403 971 3452 Aa

899 3485 954 3545 st*

1331 451 1333 506 l

1329 875 1333 1018 i
