2640 3968
575 145 805 213 QUINTILIANI

524 307 861 375 DECLAMATIO.

275 416 323 482 Ut
346 439 418 481 meo
440 417 574 482 nomine
598 438 669 480 sum
692 416 799 498 vobis,
823 413 974 498 Quirites,
998 413 1174 500 obligatus,

210 505 295 591 quod
332 527 531 590 quamquam
566 504 785 570 necessarium
813 507 847 569 et
877 503 1080 570 adsalutem
1103 525 1172 589 per·

209 595 318 660 tineus
348 595 491 660 civitatis
532 593 707 659 remedium
741 592 923 676 praesentis
955 592 1084 657 timoris
1125 613 1175 658 re·

175 687 323 768 aspectu
362 686 473 748 tamen
506 683 570 748 mei
599 680 877 767 praetermisistis:
910 681 959 745 ita
989 681 1093 767 ipsius
1124 682 1173 746 rei

210 771 362 856 publicae
379 772 512 836 nominc
532 773 663 850 irascor,
680 770 846 836 neminem
860 769 1008 834 extitisse
1021 769 1174 854 priorem,

211 859 267 945 qui
289 881 349 943 pro
373 860 478 925 salute
502 861 666 925 communi
688 880 739 924 me
763 858 925 923 offendere
944 857 1086 924 auderet.
1119 879 1173 924 ne·

211 969 274 1032 que
297 948 331 1012 id
355 948 434 1013 satis
459 952 523 1030 est3
549 947 605 1014 sed
628 948 767 1026 invenio,
791 948 847 1031 qui
870 946 1054 1030 adulentur,
1077 951 1110 1012 et
1133 969 1173 1012 ne

211 1057 305 1101 arne
339 1037 468 1121 quidem
500 1038 602 1103 latam
633 1036 719 1102 hanc
750 1036 956 1122 rogationem
988 1036 1174 1102 existiment

159 1139 193 1189 10
210 1129 360 1208 respectu
388 1126 452 1190 mei
480 1125 708 1210 recipiendam.
753 1146 827 1189 eum
857 1125 974 1208 quibus
997 1124 1079 1189 mihi
1102 1146 1175 1190 con-

212 1213 327 1278 sistere
349 1212 468 1280 tortius
491 1218 589 1299 atque
613 1214 722 1298 etiam,
744 1214 774 1277 si
798 1214 845 1278 ita
872 1233 924 1278 res
944 1213 1063 1297 exigat,
1087 1234 1174 1278 acer-

211 1302 284 1367 bius
297 1323 428 1368 necesse
448 1307 511 1368 est:
530 1325 604 1368 cum
622 1303 657 1367 in
675 1303 709 1366 id
728 1322 855 1387 quoque
870 1301 1050 1384 perieulum
1063 1303 1172 1366 venire

210 1389 401 1475 intellegam
424 1392 591 1476 optionem
613 1413 728 1474 meam,
751 1413 794 1454 an
816 1390 879 1455 hoo
901 1390 1009 1455 velim.

279 1477 368 1545 Satis
392 1484 463 1545 erat
486 1481 568 1546 mihi
590 1481 710 1546 dicere:
738 1478 944 1562 rogationem
966 1477 1036 1542 fero
1060 1477 1175 1543 utilem

160 1583 193 1632 15
212 1567 347 1635 civitati.
392 1569 457 1633 ista
485 1571 570 1634 enim
599 1569 746 1653 speciosa
774 1567 860 1632 dictu
892 1571 925 1632 et
947 1567 1076 1650 v<a>na
1099 1589 1176 1651 qua-

212 1656 286 1721 dam
320 1657 462 1740 imagine
499 1657 629 1723 honesti
669 1655 866 1722 circumdata
897 1675 965 1720 non
996 1656 1175 1738 respiciunt

211 1747 399 1828 praesentes
423 1746 650 1829 necessitatem
679 1745 706 1810 si
728 1748 839 1808 tantas
862 1743 948 1808 vires
971 1742 1108 1809 haberet
1132 1745 1175 1809 ci·

212 1833 306 1916 vitas,
324 1837 361 1897 ut
374 1833 462 1898 bella
476 1835 650 1919 suscipere,
667 1837 705 1898 ut
719 1832 870 1916 frangere
884 1832 1026 1915 impetus
1040 1834 1175 1917 tyranni

212 1924 331 2004 posset,
354 1943 420 1986 non
441 1925 512 1988 tam
533 1924 587 1988 diu
611 1922 831 2002 servisscmus,
853 1941 920 1984 non
942 1920 1039 1985 illum
1062 1943 1175 1986 cruen-

160 2009 377 2074 notissimum
400 2011 566 2076 dominum
590 2030 673 2077 unus
697 2030 736 2074 cx
758 2008 886 2074 insidiis
906 2009 1089 2084 occidisset.
1130 2014 1177 2074 at-

214 2120 276 2183 que
309 2118 383 2184 ego,
420 2100 548 2165 etiamsi
585 2099 764 2183 plurimum
796 2118 867 2162 esse
898 2098 1016 2163 atrium
1047 2099 1084 2163 in
1114 2098 1177 2164 hac

214 2187 347 2253 civitate
370 2192 560 2272 spectarem,
582 2187 664 2252 bene
686 2189 800 2252 tamen
822 2185 939 2250 redimi
957 2186 1063 2270 capite
1081 2186 1177 2252 unius

215 2275 293 2341 civis
316 2297 428 2360 pacem
451 2280 608 2361 putarem.
647 2273 743 2339 facile
765 2278 816 2339 est
833 2274 899 2339 ista
916 2275 951 2340 in
969 2276 1176 2340 contionibus

215 2368 249 2429 et
273 2365 414 2430 conciliis
438 2364 603 2449 despicere
626 2362 775 2427 dicendo:
798 2363 864 2427 iam
889 2363 918 2427 si
941 2364 1101 2429 exercitus
1121 2364 1178 2430 ho-

162 2467 197 2516 25
217 2452 318 2517 stium
340 2453 426 2518 intra
447 2454 529 2518 fines
551 2454 683 2517 nostros
706 2450 815 2535 tuerit,
838 2451 867 2516 si
890 2452 1001 2517 ardere
1024 2453 1131 2536 villas,
1150 2452 1178 2516 si

214 2539 374 2625 frugifera
394 2541 530 2624 succidi,
548 2541 578 2606 si
599 2540 712 2624 fugam
735 2541 930 2606 rusticorum
950 2540 985 2604 in
1002 2541 1124 2622 urbem,
1149 2540 1178 2605 si

216 2629 385 2714 compulsa
406 2629 494 2694 intra
516 2651 625 2694 muros
648 2649 767 2712 pecora
789 2628 974 2712 viderimus,
1000 2628 1028 2693 si
1050 2628 1179 2694 moenia

216 2718 500 2802 oppugnabantur,
523 2717 552 2781 si
569 2720 675 2782 turres
695 2716 891 2802 quatientur,
915 2717 944 2781 si
963 2717 1004 2782 ad
1023 2717 1178 2783 dilectum

216 2805 258 2869 ab
282 2805 431 2888 amplexu
455 2807 598 2870 matrum
620 2804 751 2872 iuvenes
774 2806 953 2889 rapientur:
983 2828 1082 2891 quam
1106 2827 1179 2872 sero

163 2909 198 2959 30
216 2893 397 2978 paenitebit
410 2896 480 2958 tam
495 2914 569 2959 caro
584 2893 641 2958 uni
654 2894 859 2978 pepercisse?
882 2893 928 2960 Et
937 2895 965 2959 si
979 2895 1057 2980 quid
1069 2900 1178 2960 tamen

288 3001 304 3050 2
324 2997 355 3050 ut
373 3012 423 3051 om.
442 3001 462 3049 1’
486 2997 495 3065 ΙΙ
519 2995 573 3050 sim
591 3001 612 3049 B
631 2997 640 3065 ll
660 3001 676 3050 f>
694 2997 736 3052 ita
754 3012 804 3052 om.
823 2997 896 3065 Pla
915 2996 1057 3053 existimet
1075 3001 1152 3049 B-l’
1170 2997 1181 3068 ΙΙ

220 3072 252 3122 10
271 3065 391 3122 consiste
405 3065 450 3122 ΧΧ
465 3071 513 3134 Aa,
533 3068 686 3123 consistetc
704 3071 758 3134 Ab,
777 3068 945 3123 resisteret!
968 3069 977 3136 ss
1002 3072 1034 3121 11
1054 3067 1179 3122 atervius

217 3142 240 3190 Δ
254 3139 263 3208 ΙΙ
279 3143 311 3192 13
331 3137 497 3265 optionenpp
507 3139 684 3208 rogationem
703 3139 769 3204 Aer,
787 3139 834 3192 sed
852 3138 886 3204 ef.
901 3139 1090 3194 scholasticam
1102 3139 1181 3192 silum

217 3210 299 3278 lapara
317 3210 459 3279 ceromata
497 3225 560 3265 ram
576 3210 610 3265 in
627 3210 703 3265 decli.
722 3212 786 3264 288.
802 3212 864 3264 345.
880 3211 937 3263 382
963 3209 973 3277 l
1002 3213 1034 3264 tt
1055 3207 1179 3263 civitatis

217 3282 277 3332 AsB
291 3280 301 3348 ΙΙ
314 3278 494 3353 v<a>naAer
507 3282 517 3350 ll
531 3287 565 3336 te
583 3281 668 3350 imag.
687 3278 809 3334 hominis
826 3281 886 3334 tam
905 3278 970 3335 circ.
985 3283 1005 3331 B
1019 3280 1029 3348 ΙΙ
1042 3279 1182 3349 recipiunt

216 3351 283 3406 Bon
306 3351 315 3419 ΙΙ
338 3357 371 3405 21
391 3351 507 3407 *virium
526 3356 587 3418 ΑΒ,
610 3351 683 3420 quod
700 3350 803 3419 probat
828 3349 872 3405 Ro
894 3353 904 3421 l
927 3356 962 3405 24
981 3349 1105 3416 consiliis
1123 3354 1180 3419 AB,

217 3437 285 3478 corr.
305 3421 347 3478 Gr
359 3425 369 3493 Η
383 3423 420 3477 di
430 3429 469 3493 sp
488 3423 533 3490 ΔΙΙ
547 3421 685 3492 dispicere
703 3424 752 3487 As,
770 3425 849 3477 onan
863 3423 872 3491 ss
886 3426 920 3477 28
940 3420 1104 3492 quatiantur
1122 3425 1146 3476 Δ
