2668 3968
209 182 275 248 130
576 179 805 247 QUINTILIANI

207 345 263 431 qui
285 365 342 430 per
365 345 547 410 ministeria
568 343 701 429 publiea
723 343 966 410 stamineum
984 365 1099 408 manns
1119 365 1173 410 oe·

207 433 369 502 eiduntur.
418 455 496 500 nam
528 435 561 498 et
588 437 770 500 oeterorum
798 432 957 518 supplicia
986 434 1062 497 ante
1089 431 1174 497 iudi-

207 523 293 590 oium
320 545 387 588 non
415 523 522 590 solent
549 544 619 588 esse
647 525 682 588 et
703 543 770 588 uon
792 521 857 588 nisi
878 541 936 605 per
958 521 1176 606 magistratus

207 612 397 696 exiguntur,
422 632 488 678 non
514 611 580 678 uisi
607 615 696 678 oerta
724 611 834 696 legam
861 609 1072 676 ordinatione:
1105 609 1168 675 hoe

170 717 194 768 o
207 701 258 768 ius
283 701 439 785 seriptum
458 703 510 768 est
526 700 638 768 mariti
657 699 773 782 dolori3
799 698 862 765 hoo
879 698 931 764 ius
950 698 1005 764 ille
1024 697 1174 764 eonditor

208 790 471 874 conscriptorque
504 790 588 877 legis
624 788 720 855 huius
757 786 863 854 voluit
893 809 964 853 esse
996 788 1173 872 privatum.

206 900 274 945 non
300 878 415 964 magis·
436 898 514 964 ergo
536 883 666 962 tempus
697 880 754 942 aut
782 876 869 942 diem
898 876 1170 961 praestitui[sse]t

207 967 389 1052 adulterae,
417 989 515 1052 quam
546 988 678 1034 manum
706 965 880 1050 earnifiois,
911 972 1009 1051 quam
1042 969 1172 1030 senten·

206 1056 289 1122 tiam
312 1055 441 1139 iudieis,
468 1077 567 1141 quam
594 1055 766 1141 imperium
795 1055 1017 1140 magistratus.
1063 1052 1170 1131 Quid?

153 1163 189 1213 10
208 1144 237 1212 si
263 1166 305 1212 ne
333 1143 454 1210 differri
481 1145 611 1230 quidem
633 1143 696 1212 hoe
719 1143 915 1229 supplicium
938 1143 1071 1227 potest?
1103 1159 1172 1208 non

109 1277 111 1284 ,
207 1233 294 1298 enim
322 1233 455 1299 dubium
485 1237 548 1317 est,
579 1234 656 1317 quin
684 1233 738 1298 lex
767 1232 806 1298 de
837 1232 890 1298 hir
918 1233 1085 1317 loquatur,
1113 1231 1173 1317 qui

207 1322 399 1408 quandoque
435 1322 503 1388 sint
538 1324 573 1387 in
608 1323 658 1388 rei
693 1321 843 1407 publicae
871 1324 1043 1406 potestate.
1081 1320 1172 1386 dam-

205 1414 304 1477 natus
348 1410 467 1497 aliquis
504 1411 653 1478 custodia
688 1411 817 1495 publiea
855 1410 1054 1492 continetur,
1103 1430 1171 1474 oar·

207 1522 280 1568 oere
308 1501 506 1566 continetur:
534 1504 644 1585 potest
671 1500 710 1566 de
738 1499 801 1565 hoe
823 1498 1019 1584 supplicium
1044 1519 1170 1564 sumere

155 1607 189 1658 re
206 1587 433 1743 mqiggsmatus,
465 1610 538 1654 oum
566 1589 715 1742 volqerit.
766 1588 915 1741 aqulterta
941 1587 1077 1741 {dimissa
1097 1607 1171 1742 lnon

206 1700 241 1744 re
319 1699 354 1741 rn
383 1698 515 1743 manum
543 1698 663 1744 marra
707 1699 766 1743 nea
819 1698 856 1742 oe
899 1697 1012 1742 annm
1039 1698 1075 1741 rn
1111 1697 1170 1740 ee

207 1771 266 1852 est,
289 1768 326 1831 ut
350 1765 514 1832 adulterae
534 1766 731 1852 supplicium
750 1765 872 1830 differri
889 1787 957 1832 non
974 1765 1090 1850 possit,
1113 1696 1170 1830 edd

206 1856 287 1921 illud
311 1855 420 1939 etiam,
442 1858 566 1921 utnon
582 1859 711 1921 tantum
730 1853 895 1921 adulterae
912 1857 1056 1939 pereant.
1092 1875 1170 1919 nam

207 1945 274 2029 lex,
307 1965 381 2009 eum
412 1943 559 2010 occidere
591 1945 671 2010 mihi
707 1942 887 2011 adulterum
920 1965 993 2010 oum
1023 1942 1171 2008 adultera

154 2051 190 2102 πο
207 2033 394 2119 permittat,
417 2033 588 2120 manifeste
610 2032 692 2099 illud
716 2032 871 2118 ostendit,
898 2053 965 2098 non
993 2053 1090 2116 posse
1113 2053 1169 2097 eos

207 2121 345 2188 diversis
367 2122 569 2225 temporibus
592 2122 709 2207 occidi,
736 2142 787 2205 ao,
816 2121 845 2186 si
867 2121 962 2188 alteri
982 2122 1171 2186 remittatur

207 2211 410 2297 supplicium,
432 2211 650 2296 inpunitatem
673 2211 772 2276 etiam
792 2210 888 2275 alteri
906 2209 1055 2276 dandam.
1090 2228 1170 2293 ergo

206 2321 274 2366 non
301 2298 407 2365 solum
433 2299 646 2386 praegnantis
681 2298 889 2383 supplicium,
926 2299 1026 2365 etiam
1055 2301 1094 2363 ut
1123 2299 1171 2364 sie

206 2390 388 2475 loquamur,
411 2387 468 2455 sed
492 2390 590 2455 etiam
613 2387 753 2454 adulteri
774 2388 1074 2472 nondifferendum
1099 2390 1171 2453 tan·

153 2493 189 2545 ao
206 2481 290 2564 tum,
314 2476 372 2543 sed
393 2477 573 2544 tollendum
597 2477 729 2568 omnino
752 2475 877 2542 fuisset
900 2475 1007 2554 Quid?
1031 2476 1060 2541 si
1083 2475 1169 2560 <ne>

206 2567 269 2635 hoo
304 2566 433 2653 quidem
467 2566 661 2652 supplicium
697 2565 856 2651 appellari
894 2563 1065 2631 convenit?
1115 2565 1173 2629 ha·

206 2657 287 2722 bent
309 2655 395 2723 enirn
419 2656 528 2722 omnia
551 2655 631 2721 haee
652 2654 787 2720 nomina
810 2675 902 2756 suam
925 2653 1170 2739 proprietatem

206 2743 554 2917 tuttelstet
580 2742 1170 2918 ltttdttdttll'ltd]

153 2937 190 2988 oo
208 2921 307 2988 etiam
341 2921 535 3005 supplicium
573 2924 630 2986 est.
689 2941 808 2986 nomen
844 2919 908 2986 hoc
940 2926 990 2986 est
1020 2918 1171 3004 publicae

280 3119 294 3168 1
314 3113 477 3169 occidantur
494 3118 543 3166 n
557 3113 598 3184 ll.
615 3112 679 3183 lege
699 3111 907 3168 ordinationum
924 3116 982 3178 Aa,
1001 3128 1070 3168 corr.
1085 3109 1130 3166 Ro
1145 3116 1171 3166 et

206 3183 281 3309 Riq
300 3185 328 3241 h.
346 3183 551 3255 inseriptumll
576 3187 585 3255 1
615 3182 758 3238 tiaris!
781 3184 790 3253 11
819 3182 1089 3255 ’lpraestitni[sse]t
1106 3181 1151 3237 Ro
1160 3181 1171 3254 11

210 3261 242 3310 12
281 3255 334 3309 tB
356 3258 365 3326 11
390 3261 423 3311 lt
442 3255 565 3310 demissa
582 3257 736 3324 ABa(-P)
758 3255 768 3324 1
792 3258 825 3308 18
842 3257 1000 3323 pareant?
1021 3255 1032 3324 1
1053 3258 1089 3308 20
1106 3269 1170 3323 per·

205 3324 340 3380 mittet!
363 3328 372 3397 1
395 3331 429 3381 23
458 3325 610 3396 supplic
636 3330 660 3378 A
682 3327 692 3394 1
713 3326 747 3379 nt
763 3324 849 3380 etiam
867 3325 960 3394 1126
979 3324 1054 3394 qnod
1073 3323 1097 3380 ri
1115 3327 1170 3379 hoo

205 3402 268 3524 ὃ),
279 3397 439 3523 simam
461 3399 471 3467 1
492 3393 879 3469 28<moritooooisus>1to
901 3397 911 3464 1
934 3401 968 3451 29
987 3395 1095 3451 habent
1112 3398 1171 3465 AB,

263 3483 279 3523 e
357 3483 372 3523 e
