2668 3968
208 127 274 192 134
574 123 804 193 cummium

205 290 319 356 daret?
350 289 437 377 quod
465 289 494 355 si
521 289 602 355 hece
630 289 740 355 omniu
766 288 802 354 iu
829 287 990 362 confesso*
1005 292 1096 372 sunt,
1126 297 1168 352 ne

206 380 419 464 magistratus
453 379 583 464 quidem
615 381 805 444 erraverunt
836 399 874 443 eo
900 379 1071 462 tempore,
1105 399 1170 462 quc

206 469 317 534 decem
343 468 435 533 milia
463 467 622 534 dederumt
648 467 737 532 mihi
783 464 819 532 Si
846 467 1022 532 intestatus
1049 469 1086 531 tu
1117 465 1169 530 de-

205 559 366 641 cessisses,
385 558 426 622 ad
445 557 527 623 elios
546 557 712 642 quoslibet
729 559 787 622 tue
799 554 985 641 ¹pertineret
997 555 1172 620 heredites.

168 663 187 711 u
207 647 255 712 vis
275 647 367 730 seire,
390 667 489 731 quem
507 651 603 731 peter
619 667 687 711 non
703 645 827 711 fueris?
839 669 895 710 -ε
918 645 1059 729 resipere
1077 644 1172 709 illum

202 735 268 801 nisi
291 735 407 802 solutis
438 735 603 800 elimentis
625 757 693 801 non
719 734 865 818 potuisti.
916 734 969 798 lex
990 733 1054 798 tibi
1076 733 1170 798 dicit:

202 823 351 891 >alienus
379 826 430 890 est
456 828 490 890 et
512 824 588 908 tibi,
615 827 653 888 ut
674 826 768 908 peter
791 844 862 888 esse
885 822 1036 906 incipias,
1060 843 1168 887 emen·

203 914 295 978 dus«.
327 913 395 977 iem
411 912 471 977 ille
492 912 640 999 profecto
664 914 747 978 citra
769 912 1060 995 interrogationem
1083 914 1167 993 sunt,

203 1002 293 1067 cuius
320 1001 434 1068 tuderit
461 1023 593 1086 nomen,
620 1001 656 1065 in
685 1001 774 1066 ouius
802 1022 936 1066 censum
963 999 1091 1065 deletus
1116 1000 1168 1065 sit

154 1107 188 1156 10
206 1091 346 1156 nimium
368 1090 424 1156 diu
447 1089 486 1156 de
509 1112 544 1155 re
567 1090 719 1156 iudicate.

269 1178 445 1266 Reliquum
467 1182 530 1264 est,
560 1182 597 1245 ut
618 1179 812 1263 intueamur,
834 1182 909 1244 uter
931 1181 1082 1243 nostrum
1104 1177 1167 1243 hcc

202 1268 341 1353 pecunie
362 1268 494 1354 dignior
516 1289 586 1334 esse
610 1268 767 1333 videatur.
812 1269 873 1349 [et]
895 1267 1099 1333 utbreviter
1121 1267 1189 1331 di·-

203 1379 288 1424 cem:
310 1361 349 1422 tu
371 1357 560 1442 exposuisti,
583 1377 644 1443 ego
664 1357 791 1424 sustuli.
820 1356 898 1440 seio,
921 1358 956 1421 te
974 1360 1166 1440 coepturum

203 1446 313 1531 altius,
335 1449 372 1512 ut
394 1445 492 1531 dices,
513 1445 660 1531 „genuit
690 1445 754 1513 hoc
776 1448 827 1510 est
850 1467 950 1531 quere
968 1445 1032 1510 tibi
1050 1444 1168 1510 debeo·

152 1549 186 1601 15
204 1557 277 1601 mus
299 1536 410 1601 irasci:
432 1539 591 1619 quantum
614 1535 654 1600 ed
677 1539 711 1600 te
733 1535 884 1618 pertinet,
906 1555 974 1598 non
995 1533 1097 1599 hebet
1114 1554 1166 1598 res
1219 1568 1222 1574 ·
1327 1543 1328 1548 ’

203 1624 335 1709 publice
356 1623 463 1689 virum
481 1623 614 1710 fortem,
639 1627 697 1689 eut
713 1623 807 1688 illum
825 1621 914 1688 ferse
931 1623 1168 1705 laceraverunt,

204 1716 260 1777 eut
288 1733 364 1777 aves
391 1712 609 1796 diripuerunt,
636 1716 694 1778 eut
722 1712 839 1797 uliquis
870 1709 981 1798 (quod.
995 1711 1100 1777 multo
1125 1711 1170 1775 eit

203 1799 383 1886 indignius)
411 1800 544 1866 sustulit
570 1801 646 1867 leno
674 1805 732 1867 eut
757 1800 887 1866 lanista.
932 1821 971 1864 ex
999 1799 1081 1866 meis
1110 1800 1169 1865 ille

204 1888 377 1955 beneficiis
397 1892 494 1955 nctus
522 1892 582 1956 est.
627 1889 822 1956 Intuendum
843 1889 940 1954 nobis
964 1888 1063 1954 etism
1085 1888 1169 1954 illud

153 1994 187 2045 20
205 1977 379 2063 praecipue
398 1981 457 2058 est,
475 2000 559 2063 quoe
578 2000 677 2045 cause
694 1978 940 2045 constituendae
962 1977 1046 2062 legis
1068 1978 1166 2043 huius

203 2066 311 2152 fuerit,
334 2071 391 2133 eut
412 2068 498 2134 unde
521 2071 631 2134 ortum
655 2067 708 2148 sit,
730 2070 857 2133 utnon
875 2069 1031 2133 contente
1049 2065 1166 2133 civitae

203 2156 304 2222 fuerit
330 2157 512 2241 praemium
535 2155 601 2241 ipsi
623 2156 693 2221 viro
716 2154 796 2221 forti
818 2155 959 2239 dedisse,
986 2154 1167 2221 sedetiam

203 2249 331 2329 petrem
354 2245 450 2311 huius
474 2244 702 2311 honorendum
725 2245 896 2310 censuerit.
929 2244 1045 2309 ideone
1065 2244 1169 2311 hono·

204 2338 313 2400 retum
342 2338 494 2418 putemus
524 2337 666 2418 petrem,
698 2332 784 2418 quod
813 2332 983 2418 genuerit?
1018 2355 1062 2398 en
1092 2332 1166 2400 ideo

151 2438 185 2487 ru
204 2422 309 2508 magis
342 2422 487 2508 proemio
520 2422 655 2507 dignum
686 2422 803 2489 civitas
836 2420 1049 2505 existimavit,
1081 2422 1168 2507 quod

204 2511 383 2597 educasset,
405 2511 492 2597 quod
514 2511 667 2596 inpensus
689 2509 842 2577 fecisset?
883 2509 933 2574 vis
957 2510 1049 2595 scire,
1070 2532 1168 2596 quum

204 2601 267 2668 hoo
295 2623 408 2668 verum
439 2600 504 2666 sit?
529 2625 593 2666 -ε
633 2599 770 2684 pecunie
802 2598 987 2666 honorarit.
1033 2599 1062 2664 si
1092 2599 1170 2685 quid

204 2690 338 2774 pietatis
362 2694 427 2774 est,
444 2689 531 2773 quod
553 2689 702 2773 inputare
724 2688 852 2754 neerei
869 2687 1020 2772 publicae
1038 2692 1168 2772 praeter

206 2779 363 2844 elimenta
385 2799 571 2862 possumus,
602 2777 686 2842 illud
715 2781 779 2843 est:
810 2776 881 2842 nic
907 2775 1055 2860 educevi,
1085 2777 1169 2844 salic

152 2883 187 2932 so
205 2868 364 2952 praecepi,
388 2866 435 2932 sic
452 2865 593 2933 formavi
611 2886 746 2933 mores«
766 2887 833 2931 non
857 2869 907 2931 est
930 2866 1012 2932 setis
1034 2865 1099 2933 hoc
1121 2867 1169 2932 in-

280 3064 292 3113 1
313 3059 348 3114 in
367 3058 447 3114 conf
462 3063 486 3111 A
502 3061 513 3129 d
530 3065 546 3113 3
567 3058 638 3113 mihi
656 3058 794 3113 dederunt
810 3062 831 3110 B
849 3059 859 3126 fl
877 3064 895 3112 4
913 3057 1073 3125 perveniret
1090 3059 1169 3127 ns

207 3129 444 3255 censuQSdsfl
459 3137 491 3184 11
512 3132 545 3184 ut
562 3145 613 3185 om.
633 3133 657 3182 Δ
669 3132 680 3201 ΙΙ
694 3135 727 3184 12
747 3128 802 3200 [et]
821 3128 866 3184 Ro
878 3130 889 3198 1
903 3133 937 3183 1⁶
955 3129 1059 3184 hebere
1076 3145 1169 3197 respu.

206 3204 227 3254 B
249 3201 259 3270 ΙΙ
284 3207 316 3256 17
357 3200 542 3271 'ripmverunt
559 3204 600 3253 Δε
620 3202 631 3270 Ι
655 3199 819 3256 saisisse
838 3201 848 3270 ΙΙ
868 3205 901 3253 19
919 3198 1058 3254 veneficus
1077 3199 1170 3268 epm

205 3288 272 3326 vero
291 3275 342 3342 ΔΙΙ
364 3278 398 3328 28
418 3275 586 3328 censuerunt
602 3275 623 3323 B
646 3273 656 3341 n
678 3276 714 3326 24
731 3271 807 3342 ideo]
827 3274 899 3325 eol!
921 3272 932 3340 u
954 3276 989 3327 26
1008 3287 1054 3339 qu.
1072 3269 1171 3340 inpen-

207 3344 298 3466 itm
318 3342 362 3398 vis
380 3347 422 3396 Δι
443 3344 454 3412 Ι
475 3341 641 3413 inpensus
663 3346 687 3394 A
709 3343 719 3412 n
741 3345 776 3395 28
800 3340 892 3410 pietus
910 3346 943 3409 1’3
975 3338 1078 3411 pietati
1096 3341 1172 3397 inest

236 3429 251 3467 o
