2682 3956
364 129 683 186 DECLAMATIONES.
707 129 871 189 coenam.
1033 133 1100 198 353

431 291 810 377 <anonsnnn1o>

204 400 373 466 Promittit
395 402 564 483 praeterea
586 400 665 484 ista,
688 421 770 484 quae
793 401 827 465 in
850 401 1029 466 hereditate
1052 425 1100 468 re·

137 491 216 556 licta
234 491 324 556 sunt:
347 488 436 554 illius
456 509 535 554 esse.
566 510 664 573 quam
688 510 819 554 cansam
841 490 1023 556 revertendi
1045 491 1101 556 ha-

138 578 212 644 buit
230 577 352 644 aliam?
375 576 469 642 licuit
486 577 546 662 illi,
568 577 743 662 ignorante
765 599 813 661 eo,
835 579 870 642 in
892 578 1003 663 aliqua
1026 579 1102 643 civi-

139 670 208 732 tate
232 666 417 732 subsistere.
1121 683 1137 734 5

510 803 732 874 coenam.

140 931 445 1014 circumscriptor
462 931 642 1016 pauperis,
665 929 792 997 divitis
810 932 970 1015 raptoris
989 949 1102 1002 socer.

140 1055 496 1125 Oracanscsurrrours
529 1075 582 1120 ειν
611 1069 724 1122 acmo.
778 1053 908 1140 Pauper
943 1060 976 1122 et
1012 1057 1102 1124 dives

230 1145 365 1210 eandem
407 1143 549 1230 puellam
587 1143 743 1227 petebant
779 1145 813 1209 in
850 1146 1103 1212 matrimonium.

230 1236 326 1319 capta
353 1236 403 1298 est
430 1229 502 1316 illa,
531 1253 612 1317 quae
635 1232 815 1315 petebatur.
860 1233 971 1316 posuit
994 1233 1101 1300 condi·
1123 1252 1157 1301 ro

229 1324 353 1388 cionem
377 1321 572 1405 petitoribus
595 1324 697 1405 pater,
724 1321 792 1386 eius
817 1324 911 1404 esset,
934 1322 990 1406 qui
1013 1323 1102 1388 rade-

230 1412 353 1477 misset.
385 1432 508 1495 pauper
531 1409 694 1493 profectus
719 1413 769 1474 est
793 1413 826 1474 et
847 1409 983 1474 redemit
1005 1411 1103 1496 virgi·
1216 1471 1217 1475 ,

229 1521 313 1564 nem.
358 1499 469 1584 rapuit
500 1498 593 1564 illam
623 1498 817 1581 competitor
844 1498 944 1563 dives.
990 1500 1105 1565 educta

231 1587 271 1652 ad
289 1587 503 1671 magistratus
522 1586 653 1670 nuptias
673 1587 806 1670 optavit
834 1587 1104 1672 circumscriptio-

231 1676 283 1740 nis
307 1679 478 1742 aocusatur
499 1679 594 1760 pater
617 1697 636 1738 a
657 1695 809 1758 paupere.
1125 1693 1158 1742 ra

538 1833 712 1900 SERMO.

209 1939 286 2006 Non
313 1945 441 2006 tautum
469 1941 564 2006 nobis
591 1941 626 2004 in
653 1941 715 2006 hoe
737 1939 953 2007 laborandum
978 1943 1040 2025 est,
1070 1942 1106 2005 ut

143 2030 406 2114 circumscriptus
435 2030 479 2094 sit
503 2029 703 2114 adulescens,
731 2032 888 2114 quantum
911 2031 946 2094 in
969 2029 1043 2113 illo,
1070 2032 1107 2094 ut

143 2117 405 2200 circumscriptus
429 2117 473 2182 sit
496 2140 515 2181 a
538 2122 641 2201 patre.
683 2139 754 2182 esse
777 2118 863 2183 enim
886 2118 1008 2182 iustam
1032 2138 1107 2202 que-

145 2206 249 2270 relam
272 2206 350 2287 eius,
374 2205 430 2287 qui
453 2205 591 2270 redemit
613 2209 646 2269 et
665 2206 799 2291 reduxit,
823 2227 896 2271 cum
914 2205 1106 2290 praesertim
1125 2224 1160 2272 2ο

145 2292 205 2358 sub
228 2297 326 2376 pacto
349 2291 530 2376 redemerit,
556 2293 766 2358 manifestum
790 2297 848 2359 cst.
894 2292 1045 2358 eximitur
1067 2316 1107 2358 ex

143 2384 237 2467 parte
270 2381 398 2446 diversa
425 2381 473 2445 rei
500 2403 650 2464 persona:
682 2382 788 2466 „quod
815 2382 939 2446 factum
970 2387 1034 2464 est,
1066 2404 1107 2447 ne

145 2470 275 2535 duceret
294 2470 362 2549 ille,
384 2489 450 2535 non
477 2473 571 2553 pater
594 2468 680 2535 feeit.
721 2470 830 2553 rapuit
853 2469 951 2554 dives,
980 2471 1107 2554 optavit

143 2557 268 2644 puella,
305 2562 399 2645 pater
434 2561 564 2624 tantum
596 2556 778 2642 promisit.“
835 2557 995 2643 quomodo
1029 2579 1107 2642 ergo

143 2648 211 2728 fiet,
234 2651 271 2714 ut
294 2647 347 2712 hic
370 2645 682 2732 circumscripserit?
710 2647 738 2711 si
756 2647 874 2730 probat
893 2647 1004 2711 omnia
1021 2646 1109 2712 facta
1126 2663 1161 2713 aa

143 2735 240 2802 huius
255 2737 432 2802 voluntate.
464 2736 596 2821 alioqui,
613 2736 679 2800 nisi
696 2735 759 2801 hoc
778 2735 1021 2820 obtinuerimus,
1041 2735 1108 2800 fru-

150 2828 221 2888 stra
243 2823 445 2907 plorabimus
470 2825 555 2909 apud
578 2824 708 2890 iudices.

218 2978 534 3054 1<Dcclamatio.>Ro;
552 2982 623 3036 sicat
640 2982 696 3035 iam
711 2980 748 3035 Η
759 2986 897 3050 postrema
911 2980 976 3035 iada
990 2997 1008 3034 a
1022 2997 1108 3048 quam

145 3067 260 3106 oausam
279 3051 484 3106 declamationis
502 3069 555 3106 ease
569 3053 741 3106 iudicaverat
753 3053 793 3122 {1¹4
807 3050 890 3106 licuit
903 3053 984 3105 onan
998 3052 1008 3120 ΙΙ
1021 3055 1037 3104 8
1052 3050 1108 3104 ista

146 3125 205 3189 ΑΒ,
220 3135 289 3177 corr.
300 3123 367 3189 Aer,
382 3127 497 3177 catarum
510 3123 545 3189 cf.
559 3123 677 3176 themata
691 3123 920 3178 declamationum
934 3125 990 3176 363
999 3125 1024 3174 et
1033 3120 1108 3193 282ll

148 3197 181 3246 10
200 3192 394 3248 condicionem
412 3209 462 3247 am.
481 3194 525 3262 Bl
545 3197 578 3246 13
598 3191 692 3246 educti
710 3191 803 3262 121114
820 3194 908 3262 maffg
925 3195 973 3244 ΑΒ
988 3193 997 3264 l
1012 3196 1045 3246 lb
1064 3207 1109 3247 ac·

147 3264 258 3317 cusator
276 3268 299 3316 Δ
312 3265 322 3334 tl
334 3279 442 3335 pauper
458 3280 475 3318 a
489 3281 613 3334 paupere
627 3267 656 3331 B,
674 3277 782 3333 pauper
796 3279 814 3316 a
827 3263 915 3318 divite
929 3268 949 3315 1’
962 3263 972 3332 fl
986 3269 1019 3318 19
1034 3263 1110 3319 iusta

148 3333 241 3404 31122
260 3350 333 3404 pers.
348 3351 411 3390 cum
429 3332 447 3390 f.
463 3339 483 3388 B
497 3337 507 3406 tl
521 3341 555 3389 24
567 3335 622 3404 qud
636 3350 702 3405 ergo
716 3338 739 3386 Δ
752 3336 762 3404 11
776 3337 810 3388 26
824 3333 1029 3407 proba<veri>t
1042 3333 1109 3404 Rau

149 3410 184 3458 26
196 3403 322 3473 alioquin
341 3405 365 3460 si
383 3410 405 3458 B
418 3407 427 3477 ll
442 3406 630 3461 obtineremus
645 3410 673 3473 1’,
693 3405 896 3461 obtinuerimus
915 3406 973 3461 edd.
993 3407 1028 3461 ab
1042 3407 1108 3461 Aer.

205 3503 345 3554 Quintiliani
359 3504 424 3556 decl„
443 3505 478 3546 sd.
492 3505 576 3546 Ritter.
917 3501 949 3549 23
