2692 3960
363 144 681 202 DECLAMATIONES.
701 146 919 203 cccxxxvm.
1047 149 1113 215 335

148 313 249 392 rarat,
278 308 450 374 amisisset.
497 309 640 374 sterilem
664 309 766 376 fuisse
788 332 854 375 non
878 309 978 377 dices:
1009 311 1114 395 (nec)

148 397 284 462 credidit
301 397 453 482 maritus3
477 395 624 462 amisisse
641 419 708 463 non
727 402 776 463 est
795 397 875 464 satis
896 398 1014 464 dicere:
1038 423 1112 483 pro-

147 485 291 551 bandum
315 489 374 551 est.
413 486 494 552 haec
518 485 719 571 exigeremus
742 487 777 551 in
801 509 908 569 causa,
929 487 1061 568 iudicer,
1084 490 1112 554 si

146 574 277 657 <esset>
302 573 340 639 de
372 575 547 659 mancipio,
580 575 607 639 si
636 574 675 639 de
702 576 853 658 pecunia:
881 576 985 640 filium
1013 578 1112 643 matri

148 663 271 747 eripere
291 662 417 728 conaris
437 666 470 728 et
488 666 615 748 partem
635 664 794 729 viscerum
813 664 928 730 avellis
949 668 982 729 et
997 669 1111 731 contra
1130 680 1149 730 5

147 755 312 820 maternos
351 751 492 837 gemitus
525 756 695 817 contentus
729 774 763 818 es
797 753 931 819 alterius
964 755 1109 839 parentis

146 840 365 926 neglegentia.

213 929 320 1012 „Quid
343 950 472 1014 causae,
498 928 617 1014 inquit,
644 928 772 995 habeo?
809 951 867 994 cur
894 931 1008 997 adsero
1033 931 1111 996 alie·

145 1018 268 1082 num?“
309 1016 355 1082 Ut
376 1017 520 1084 nondum
543 1017 676 1083 reddam
698 1019 869 1103 rationem,
891 1042 955 1104 qua
978 1019 1109 1103 litiges:

145 1107 232 1190 quod
268 1105 467 1190 proposuisti
502 1107 621 1190 dicere,
651 1107 732 1172 citit
764 1109 822 1174 est.
874 1129 951 1173 nam
988 1108 1015 1172 si
1032 1108 1109 1174 -tibi
1130 1123 1164 1172 10

145 1215 243 1260 causa
275 1195 442 1260 adserendi
468 1195 610 1261 alienum
631 1194 736 1260 filium
759 1201 911 1280 nonest,
942 1217 1002 1262 nec
1033 1197 1109 1262 huic

144 1281 274 1367 quidem
309 1282 478 1350 retinendi.
528 1283 608 1369 quin
643 1283 743 1349 immo
777 1284 906 1350 facilius
939 1289 989 1350 est
1021 1285 1110 1351 istud

144 1373 280 1455 pauperi
302 1373 431 1458 fingere.
478 1372 556 1457 quid
585 1372 669 1437 enim
684 1371 842 1440 ‚fortunae
865 1375 940 1438 tuae
964 1374 1109 1457 interest,

145 1482 187 1526 an
204 1461 356 1527 heredem
374 1461 519 1526 habeas?
539 1460 595 1525 sed
616 1460 785 1525 reddemus
805 1465 921 1545 postea
939 1461 1109 1546 rationem,

144 1571 208 1633 qua
235 1550 353 1634 fingas:
381 1550 511 1616 interim
541 1549 793 1615 instrumentum
818 1553 965 1615 excutere
989 1569 1105 1615 causae
1127 1565 1160 1616 15

144 1640 220 1702 tuae
244 1639 328 1703 volo.

214 1725 444 1811 „Testimonio,
467 1727 584 1811 inquit,
606 1728 695 1793 nitor
715 1727 792 1807 cius,
811 1748 906 1811 quem
925 1730 961 1792 tu
979 1732 1106 1810 patrem

143 1813 254 1880 dicir.“
296 1814 451 1880 Putemus
475 1816 561 1880 istud
586 1837 656 1881 csse
674 1816 913 1881 testimonium:
945 1838 1029 1880 unus
1049 1820 1108 1897 est,

143 1903 245 1968 iratus
275 1908 338 1988 est,
367 1904 502 1969 alterius
530 1905 666 1970 maritos
697 1909 755 1970 cst.
801 1925 905 1969 >unus
930 1911 1001 1969 est<
1034 1926 1106 1970 cum

143 1991 227 2075 dico,
259 1994 446 2058 succurrant
469 1993 562 2058 vobis
586 1990 728 2058 Catones
753 1996 785 2058 et
809 1991 974 2078 Scipiones
998 1997 1032 2058 et
1054 1997 1105 2058 tot
1124 2009 1159 2058 ao

145 2081 326 2145 clarissima
367 2081 508 2146 civitatis
550 2091 681 2148 nostrae
717 2081 860 2151 nomina,
923 2104 996 2148 cum
1033 2081 1105 2146 dico

142 2168 267 2233 »iratus
292 2171 375 2252 cst«,
399 2173 565 2234 succurrat
589 2170 700 2254 vobis,
733 2170 887 2254 quidquid
913 2192 980 2236 non
1012 2192 1105 2254 expe-

5 2295 6 2306 1
58 2305 65 2322 .
143 2257 355 2320 rimentorum
387 2258 422 2320 in
449 2258 597 2339 civitate,
626 2257 682 2322 sed
709 2259 743 2322 in
771 2259 896 2324 scaenis
919 2259 1105 2324 fabularum

143 2346 203 2426 est,
227 2365 323 2426 quam
347 2344 452 2409 multa
474 2344 589 2409 feccrit
611 2346 665 2411 hic
688 2344 841 2430 adfectus,
865 2369 962 2430 quam
984 2346 1104 2412 multos

141 2436 345 2497 transversos
374 2432 464 2497 velot
490 2436 685 2517 tempestate
709 2434 849 2519 quadam
872 2436 986 2518 egerit.
1032 2457 1104 2501 cum
1123 2439 1158 2501 2'5

141 2521 212 2586 dico
244 2521 396 2586 >alterius
429 2522 567 2587 maritus
600 2525 684 2605 est«,
720 2523 784 2587 duo
817 2523 914 2587 simul
947 2522 1033 2589 dico:
1073 2527 1106 2587 ct

140 2609 240 2680 habet
269 2631 415 2694 oausam,
442 2632 500 2676 cur
526 2631 644 2676 nocere
671 2610 747 2677 huic
770 2610 863 2695 velit,
892 2632 989 2694 quam
1011 2632 1105 2694 repu-

142 2698 252 2784 diavit,
276 2703 308 2763 et
329 2699 431 2765 habet
454 2721 595 2783 causam,
618 2721 674 2764 cur
693 2703 859 2783 praestare
874 2699 952 2782 <se>
968 2699 998 2762 ei
1017 2699 1105 2782 velit,

141 2809 237 2872 quam
265 2787 365 2853 duxit.
410 2787 500 2854 Haec
530 2788 683 2871 dicerem,
716 2788 745 2852 si
768 2788 855 2864 istud
877 2787 1103 2853 testimonium

141 2879 227 2940 esset
249 2875 350 2940 illius:
374 2876 470 2942 testis
492 2882 569 2942 tuus
592 2877 668 2962 quid
692 2877 791 2942 dicit?
815 2877 896 2942 scire
917 2898 950 2942 sc
970 2876 1102 2962 aliquid.
1122 2892 1158 2941 30

142 2964 295 3049 sequitur,
318 2968 355 3029 ut
377 2965 585 3050 interrogem,
609 2965 716 3032 unde?
740 2987 778 3030 ex
800 2966 927 3031 nutrice
949 2966 1016 3030 illa.
1045 2987 1102 3029 nu-

212 3217 226 3263 1
246 3207 340 3282 (nec)
359 3207 634 3282 Acr114*<esset>;
653 3206 732 3281 (sit)
752 3208 804 3264 Set
818 3209 827 3277 11
842 3215 875 3263 10
897 3208 969 3262 illud
988 3211 1032 3263 est
1045 3211 1101 3272 AB,

140 3296 208 3334 corr.
228 3280 281 3336 scu
299 3282 309 3351 11
328 3286 361 3334 11
380 3278 504 3335 alienum
523 3295 573 3334 om.
593 3282 684 3349 3115
703 3281 888 3334 strumentum
905 3283 926 3332 B
944 3281 954 3351 11
975 3283 1008 3335 18
1027 3278 1102 3334 istud

139 3355 204 3420 AB,
226 3353 288 3418 sort.
304 3351 422 3420 *istius
442 3351 476 3418 cf.
497 3352 815 3420 v.29sqq.-336,1ss
838 3356 872 3404 20
896 3351 1102 3406 succurunt

139 3425 163 3474 Δ
181 3424 189 3492 11
208 3420 328 3477 Gotones
347 3423 410 3491 Aass
424 3426 458 3476 28
477 3420 548 3495 (se)
566 3422 614 3476 Bu
627 3425 636 3491 1
651 3427 684 3475 29
704 3419 750 3477 dii
768 3425 789 3473 B
