2692 3960
401 165 718 224 DECLAMATIONES.
741 165 867 225 OOCXX.
1041 168 1106 235 255

141 333 212 396 tum
231 328 388 395 facillime
405 331 627 414 perveniretis.
656 332 712 417 qui
730 331 805 413 sint,
828 353 941 398 omnes
960 333 1107 399 novistis.

141 420 284 504 primum
304 417 450 502 singulos
468 420 620 504 repetite:
645 420 785 486 sublatis
804 418 864 503 his,
883 442 964 504 quos
983 425 1105 487 eertum

143 509 207 572 erit
227 529 294 572 non
317 528 397 590 esse,
420 507 507 573 inter
529 509 676 574 residuos
700 530 900 594 quaeremus.
932 511 1106 595 quaerendi

143 600 254 662 autem
276 595 330 661 via
352 595 433 661 haee
457 597 527 662 erit
572 598 749 683 videamus,
773 597 851 684 quid
872 600 1034 683 proponat
1052 618 1106 683 pe·

142 685 236 770 titor,
268 684 345 769 quid
372 685 568 770 respondeat
593 708 778 772 possessor,
809 688 861 753 vel
884 708 970 754 reus:
1004 709 1043 752 ex
1067 701 1141 753 eoo

143 774 290 858 quaestio
313 774 472 840 nascitur:
495 796 534 840 ea
556 775 651 841 nobis
672 774 839 860 (statum)
860 776 1105 848 demonstrabit.

143 883 248 948 neque
275 861 338 928 hoo
366 862 451 946 dieo,
484 863 562 948 quid
585 865 726 948 primum
750 865 838 932 dicat
859 866 995 950 petitor,
1027 863 1105 949 quid

143 951 199 1016 ille
221 951 424 1036 respondeat.
455 974 521 1018 non
545 954 631 1018 enim
655 975 694 1018 ex
715 953 822 1039 prima
841 955 1030 1038 quaestione
1050 953 1105 1018 du·

144 1039 262 1106 condus
286 1044 336 1104 est
359 1044 479 1124 status,
507 1041 562 1106 sed
586 1064 625 1106 ex
648 1043 885 1126 potentissima.
932 1041 1105 1109 videndum

148 1129 219 1213 erit,
242 1150 285 1193 an
307 1132 384 1212 post
408 1129 603 1196 divisionem
626 1131 706 1196 socii
729 1131 802 1196 sint.
1126 1145 1159 1194 10

455 1322 790 1390 DEOLAMATIO.

151 1542 159 1553 .
207 1464 409 1534 Sociorum
433 1466 569 1531 damna
594 1469 632 1530 et
650 1466 759 1531 luera
782 1465 997 1532 eommunia
1015 1466 1103 1532 sint.

208 1555 363 1638 Fortasse
386 1555 489 1621 videri
512 1557 621 1640 potest
643 1575 886 1639 supervacuum,
909 1554 1041 1620 laudare
1060 1555 1104 1620 le-

142 1665 225 1730 gem.
251 1667 348 1729 ,nam
376 1648 409 1710 et
437 1648 586 1728 apparet,
615 1643 884 1729 prudentissimos
908 1643 1048 1709 maiores
1072 1647 1105 1710 et

142 1729 374 1815 constitutores
407 1733 504 1798 huius
536 1733 679 1798 civitatis
714 1733 877 1817 sapienter
900 1753 1033 1819 rogasse
1063 1737 1158 1818 et,1o

141 1826 214 1898 oum
229 1875 231 1878 .
244 1822 306 1887 hoe
335 1823 404 1886 iure
433 1822 547 1888 civitas
577 1821 702 1889 tamdiu
730 1843 790 1898 usa
813 1821 871 1905 sit,
900 1822 966 1887 iam
991 1821 1104 1906 adpro-

143 1907 257 1982 batum
279 1914 347 1977 est.
400 1914 623 1977 verumtamen
656 1932 754 1977 eausa
785 1909 901 1996 exigit,
932 1913 969 1976 ut
997 1910 1104 1994 aequi-

139 2003 242 2073 tatem
257 2021 384 2084 quoque
398 2000 482 2084 legis
496 1999 693 2064 intueamur:
707 2021 773 2065 non
791 2003 828 2065 ut
847 2020 903 2065 vos
918 1998 1104 2084 religiosius
1147 2079 1150 2084 Ι

140 2088 303 2171 iudicetis,
337 2088 393 2153 sed
423 2091 460 2152 ut
487 2092 656 2173 appareat,
688 2111 786 2173 quam
817 2087 965 2173 improba
998 2088 1103 2154 sooius

142 2198 234 2242 meus
262 2176 372 2241 faeiat.
418 2177 609 2242 sociorum
643 2178 858 2243 eommunia
895 2176 1030 2242 damna
1067 2178 1158 2241 orso

141 2266 252 2328 luera
277 2264 365 2328 sint.
411 2285 503 2330 saera
524 2286 576 2329 res
608 2269 657 2329 est
681 2265 867 2348 <societas>
890 2268 924 2329 et
947 2263 1105 2350 quaedam

141 2351 330 2416 fraternitas
361 2353 672 2436 †propositorum†
702 2354 892 2420 animorum.
939 2355 1104 2419 consortes

141 2441 229 2506 enim
266 2442 376 2524 potest
406 2439 512 2506 facere
545 2461 651 2504 casus:
689 2444 831 2506 ceterum
871 2440 1000 2526 quidem
1032 2463 1104 2524 oum

143 2530 205 2595 duo
229 2528 378 2595 homines
402 2549 514 2594 omnes
535 2528 684 2594 fortunas
704 2550 779 2594 suas
799 2529 1014 2612 contulerunt,
1038 2550 1104 2593 om·

138 2639 198 2684 nes
222 2639 316 2684 oasus
347 2616 560 2701 miscuerunt,
587 2638 688 2684 unum
712 2616 873 2702 quoddam
895 2615 1018 2682 iactum
1042 2619 1103 2680 est:
1123 2631 1159 2680 25

140 2706 219 2792 quid
250 2708 300 2772 est
332 2707 464 2790 iustius,
492 2728 590 2791 quam
625 2705 841 2792 compositum
871 2705 1105 2790 patrimonium

141 2793 263 2860 habere
278 2794 541 2880 condicione<m>
553 2795 673 2862 unius?
687 2795 851 2861 societatis
863 2791 939 2881 (hoe
953 2794 1040 2859 enim
1054 2798 1106 2860 est
1206 2796 1213 2810 ‘

212 3025 313 3078 3snnt
331 3024 700 3094 sueponatssnrqnid
718 3024 768 3080 ille
785 3039 830 3080 res
852 3020 1104 3094 ‚All8(statum)

138 3094 196 3150 Aer
218 3096 228 3163 ΙΙ
255 3093 459 3150 demonstravit
484 3099 505 3146 B
531 3097 542 3176 1]
569 3099 603 3149 23
632 3092 793 3168 (societas)
844 3110 874 3161 ος
902 3107 982 3148 saera
998 3109 1042 3147 res
1060 3093 1104 3146 est

139 3163 276 3238 (unitas)
293 3166 351 3220 Aer
373 3167 383 3234 ΙΙ
405 3171 440 3219 24
462 3181 680 3234 propinquorum
704 3164 860 3219 animorum
879 3163 928 3232 Gr,
953 3178 1042 3232 prope
1061 3178 1104 3218 eo·

143 3235 251 3291 ciorum
265 3235 423 3292 animorum
437 3235 500 3303 doh,
519 3236 622 3305 aliique
634 3236 739 3291 similia
752 3237 762 3301 n
775 3240 808 3290 25
829 3233 980 3288 eontn'lt
997 3235 1103 3302 suun.

140 3307 346 3374 quodammodo
364 3306 455 3362 fatum
473 3323 496 3362 e.
513 3306 566 3361 Seia
580 3307 636 3376 1126
655 3304 732 3375 quod
748 3305 840 3374 31127
861 3302 1024 3361 condicione
1043 3307 1102 3372 AB,

138 3393 209 3433 corr.
226 3377 285 3502 gn
313 3377 476 3434 condicione
499 3377 582 3433 unius
606 3375 768 3432 societatis?
796 3375 850 3432 hoe
878 3373 953 3430 enim
976 3380 1021 3432 ete.
1041 3376 1102 3430 edd.

143 3454 207 3504 ante
252 3465 268 3502 r
