2692 3960
240 126 305 190 322
606 125 833 193 QUINTILIANI

330 288 542 374 satisfaceret,
564 289 751 354 tabularum
773 311 932 354 novarum
950 289 1024 373 lege
1042 289 1112 354 lata
1130 311 1205 373 par-

328 381 394 442 tem
418 378 491 462 agri
512 379 605 462 petit.
640 378 698 443 ille
722 376 755 443 O.
779 376 818 443 D.

555 570 887 638 DECLAMATIO.

307 699 405 784 Ager,
433 720 527 783 quem
552 719 756 762 communem
779 697 874 762 nobis
898 718 968 761 esse
992 695 1074 780 dico,
1097 698 1204 782 patris

204 805 220 855 5
239 789 344 853 nostri
366 787 439 852 fuit.
483 786 512 850 is
536 787 616 851 duos
640 786 760 852 liberos
784 786 932 870 reliquit,
960 807 1099 870 acquum
1122 786 1202 850 utri·

240 897 301 960 que
325 875 385 958 ius,
408 874 521 940 eadem
543 875 672 959 utrique
696 896 794 940 onera
815 875 899 940 aeris
918 873 1027 959 alieni,
1049 874 1130 939 mihi
1150 873 1205 962 (ut

238 985 324 1029 nunc
347 961 411 1049 est)
434 961 527 1028 nihil.

306 1048 476 1138 „Cessisti
499 1050 618 1136 inquit,
641 1049 753 1116 mihi.“
800 1049 833 1116 si
856 1051 920 1117 hoc
943 1051 1013 1116 sine
1036 1051 1103 1117 ulla
1126 1073 1201 1117 con·

237 1141 388 1205 ventione
414 1140 578 1223 fecissem,
605 1139 635 1205 si
660 1140 751 1205 nulla
781 1141 904 1225 opponi
930 1140 1006 1204 huic
1029 1144 1106 1205 tuae
1128 1141 1202 1206 voci

186 1249 218 1298 10
237 1233 349 1313 posset
377 1230 537 1314 exceptio,
569 1229 722 1294 dicerem:
753 1228 1033 1313 circumscripsisti
1057 1229 1203 1313 fratrem,

236 1340 297 1384 neo
320 1317 449 1384 difficile
472 1317 545 1397 fuit,
568 1318 735 1384 minorem.
778 1319 863 1404 quod
887 1318 914 1383 si
938 1317 1028 1382 nulla
1051 1317 1084 1382 vi
1107 1339 1200 1383 coac-

236 1412 298 1492 ιιιι,
320 1407 420 1472 nullis
443 1407 571 1474 insidiis
594 1405 641 1491 id,
664 1406 749 1491 quod
773 1406 878 1472 solum
896 1407 992 1472 nobis
1011 1409 1105 1490 pater
1126 1406 1201 1471 reli-

237 1500 359 1581 querat,
382 1496 445 1560 tibi
468 1497 525 1560 uni
548 1496 705 1579 concessi,
728 1494 825 1559 debes
848 1493 969 1560 referre
993 1495 1101 1559 animo
1125 1515 1199 1578 gra·

226 1585 325 1649 tiam.
380 1583 452 1649 Hoc
486 1584 580 1648 fratri
616 1583 699 1648 bene
735 1583 908 1668 diceretur3
947 1583 1002 1648 sed
1039 1587 1200 1667 quatenus

184 1691 216 1740 15
236 1674 326 1738 exuis
349 1694 468 1737 nomen
490 1671 580 1737 istud
604 1675 636 1736 et
657 1693 718 1736 nos
743 1671 784 1736 ad
807 1672 857 1736 ius
877 1672 983 1737 solum
1002 1693 1114 1736 vocas:
1139 1673 1200 1737 sub

237 1760 423 1828 condicione
453 1761 549 1825 cessi:
578 1759 625 1824 sic
657 1759 745 1825 enim
773 1764 939 1846 tamquam
964 1760 1064 1825 alieni
1086 1760 1199 1845 loqua-

236 1872 316 1914 mur.
363 1849 442 1914 stari
469 1870 546 1914 vocs
577 1853 631 1912 tua
654 1849 698 1913 sit
722 1870 861 1934 aequum
885 1850 1100 1915 conventione
1122 1870 1200 1934 pac·

235 1941 352 2003 torum.
389 1938 476 2023 quod
499 1937 594 2021 quale
616 1936 703 2001 fuit?
727 1943 764 2002 ut
786 1959 901 2024 agrum
924 1937 1115 2023 possideres,
1142 1938 1201 2021 ita,

151 2092 158 2105 ,
235 2023 285 2110 (t
309 2024 440 2110 opmor)
465 2031 502 2090 ut
525 2048 579 2090 aes
603 2026 760 2110 alienum,
789 2027 874 2111 quod
897 2029 1088 2113 patr-isui
1027 2029 1055 2107 [t
1055 2028 1102 2108 ui]
1127 2025 1200 2110 fuit,

181 2132 216 2182 ao
235 2114 388 2180 solveres.
432 2114 593 2179 nullam
583 2115 646 2200 igit
647 2137 686 2179 ur
632 2115 804 2180 thuius
829 2117 902 2202 agri
923 2115 1070 2181 habuisti
1093 2114 1199 2180 adhuc

234 2204 401 2288 propriam
423 2203 677 2288 possessionem,
701 2203 777 2289 quia
800 2226 1019 2290 quaecumque
1043 2203 1103 2268 sub
1124 2225 1200 2269 con-

235 2292 362 2357 dicione
385 2293 616 2376 traduntur,it
602 2292 790 2357 tademum
812 2291 884 2357 fieri
905 2297 1044 2376 possunt
1066 2292 1200 2376 propria

235 2402 273 2445 ac
304 2381 496 2466 peculiaria,
530 2381 560 2446 si
591 2380 737 2446 condicio
770 2385 995 2447 consummata
1028 2386 1085 2446 est.
1134 2381 1200 2445 fuit

233 2469 336 2554 igitur
371 2492 473 2555 usque
507 2469 547 2534 ad
584 2469 713 2535 tabulas
750 2491 851 2535 novas
888 2469 1066 2535 communis
1101 2469 1199 2533 nobis

183 2575 217 2625 25
237 2579 323 2644 ager.
348 2563 381 2624 et
403 2564 441 2625 ιιι
464 2557 590 2622 facilius
615 2564 780 2643 appareat,
802 2558 964 2643 fingamus
988 2561 1021 2622 te
1045 2577 1099 2619 aes
1121 2556 1199 2622 alic·

238 2669 316 2711 num
338 2648 482 2713 noluisse
507 2647 643 2730 solvere,
674 2647 779 2732 egisse
801 2647 889 2730 pacti
912 2645 1008 2710 huius
1031 2645 1199 2728 paeniten-

232 2737 328 2800 tiam:
350 2757 430 2799 num
453 2735 586 2800 dubium
612 2739 673 2818 est,
702 2735 781 2819 quin
808 2754 869 2819 ego
893 2738 1047 2799 venturus
1072 2734 1197 2818 optimo

232 2823 302 2888 iure
330 2824 364 2887 in
392 2824 475 2890 hanc
501 2824 619 2890 fuerim
641 2823 904 2907 possessionem?
930 2844 998 2887 non
1020 2823 1198 2906 quaeritur,

232 2916 271 2977 ut
294 2912 419 2996 opinor.
454 2935 531 2978 nam
556 2911 685 2977 etiamsi
712 2911 775 2977 hoc
800 2911 886 2978 inter
910 2933 969 2977 nos
994 2914 1197 2994 convenerat,

305 3131 321 3178 2
340 3125 389 3180 ille
409 3121 484 3179 OD
504 3139 554 3178 cm.
573 3125 648 3193 3113
676 3121 912 3178 declamac⁷o
929 3122 976 3190 Δ1
994 3127 1010 3176 8
1030 3120 1194 3177 condicione

232 3194 299 3249 Rara
317 3201 342 3249 et
360 3195 417 3260 Ro,
441 3195 489 3260 css.
509 3199 601 3258 v.16;
620 3197 733 3250 21-22
756 3194 766 3262 11
791 3199 822 3247 12
842 3193 871 3246 id
890 3194 986 3247 delevit
1004 3196 1043 3244 ab
1062 3193 1071 3261 11
1092 3195 1198 3245 13-14

231 3283 272 3333 ga
292 3265 452 3333 ιιιιιΔιΙΙ
468 3270 500 3318 17
519 3280 588 3319 voce
621 3264 680 3318 iure
699 3266 742 3334 211
756 3268 897 3329 mean
916 3279 985 3318 corr.
1000 3263 1044 3318 no
1062 3264 1110 3329 ese
1125 3279 1150 3316 v.
1160 3261 1196 3333 911

230 3334 268 3388 sit
285 3337 379 3389 actum
398 3351 456 3388 con.
476 3335 567 3415 31119
600 3335 654 3404 tui]
674 3333 729 3388 Otr
743 3335 752 3403 11
766 3341 799 3388 23
819 3351 853 3388 ao
871 3351 921 3390 om
941 3331 1194 3403 Aalpcculia-

231 3405 288 3459 ria
304 3410 328 3457 Δ
340 3406 351 3473 1
365 3403 527 3458 articularia
544 3408 565 3455 B
