2682 3956
328 133 648 190 DECLAMATIONES.
668 133 883 192 ccctxxxlv.
1022 137 1088 202 429

133 297 256 382 exulat,
285 298 341 364 alii
365 298 515 364 scelerati
538 297 649 362 mitius
673 298 865 380 puniuntur:
897 298 1002 364 malae
1025 301 1090 364 tra-

131 386 284 452 ctationis
308 388 479 452 damnatus
504 386 688 452 occidetur?
717 384 827 472 „Mea
849 386 972 472 inquit,
994 387 1089 452 aesti-

129 475 231 540 matio
260 474 348 541 est“:
379 474 484 541 Immo
513 475 663 541 iudicum.
708 479 767 540 tua
789 475 824 539 in
847 497 911 540 una
933 475 1007 559 lege
1031 479 1090 559 est,

130 585 228 648 quam
257 563 416 649 habuisti3
455 568 488 629 et
517 565 569 630 lex
600 564 657 628 ubi
686 563 792 646 perire
814 564 886 629 vult
915 563 1090 647 hominem,

130 656 240 736 aperte
264 652 441 737 signifieat:
465 653 665 719 »desertor
689 651 917 718 occidetue«
1110 669 1126 719 5

520 828 695 897 SERMO.

194 952 339 1020 Ultimae
363 957 440 1020 sunt
460 974 589 1039 preces,
612 957 649 1019 ut
671 958 821 1020 exoretur
844 953 970 1018 mulier.

441 1129 779 1197 DECLAMATIO.

198 1252 312 1320 Serves
337 1275 462 1319 munus.
498 1275 575 1318 nam
598 1275 764 1319 removeas
788 1253 866 1319 lieet
889 1275 1029 1320 secures:
1061 1256 1090 1320 ei

130 1343 293 1426 irasceris,
317 1344 474 1408 morietur
497 1342 627 1428 alioqui.
671 1345 768 1426 putas
790 1343 885 1407 illum
907 1343 1090 1408 relicturum
1112 1361 1145 1410 ιο

132 1429 265 1517 nuptias
289 1430 386 1497 tuas?
433 1430 600 1511 denuntio,
622 1431 741 1495 iterum
764 1431 878 1517 rapiet.

468 1640 752 1710 CCCLXXXIV.

316 1765 429 1848 virgo
452 1765 643 1833 immolata
663 1766 903 1850 pestilentiae.

133 1908 172 1974 In
198 1909 604 2063 pgstilentiartreogonzum
632 1912 697 2061 estt,
729 1908 889 2013 virginem
921 1907 1093 2063 immolatit-

220 2020 438 2171 gssstjstu:
463 2019 678 2152 imlmgffviff
694 2017 1094 2173 enronmfiffilileiifftulrlegzgtis
1114 2013 1146 2065 15

220 2175 328 2240 tentia
374 2175 492 2240 iterum
522 2175 633 2240 sortiti
661 2178 747 2239 sunt.
793 2175 898 2241 altera
925 2175 1095 2242 immolata

224 2266 286 2328 est:
312 2263 424 2327 sedata
447 2266 497 2327 est
519 2263 716 2347 pestilentie
745 2262 864 2349 prioris
887 2263 975 2347 patri
993 2262 1094 2350 magi·

227 2353 349 2416 stratus
372 2350 478 2417 oa'edis
502 2371 576 2417 reus
600 2354 659 2416 eet.

199 2525 453 2610 [Coloratae]
1115 2545 1149 2595 ee

424 2701 800 2790 mammeam>

198 2827 326 2896 Sortem
348 2830 433 2896 filiae
456 2834 531 2894 tuae
555 2830 634 2896 deus
657 2831 742 2896 inter
764 2828 907 2916 virgineo
935 2851 1006 2896 ease
1029 2851 1087 2895 no-

130 2917 208 3002 luit,
232 2917 287 2982 sed
310 2922 477 3004 tamquam
501 2919 627 2985 alienae
649 2917 765 2984 turbae
788 2918 916 2986 exemit

203 3116 219 3164 3
250 3106 426 3164 iudiciuae
448 3109 458 3178 11
479 3109 508 3164 in
528 3109 603 3164 bona
621 3109 724 3179 legen
751 3111 761 3180 ΙΙ
790 3115 823 3164 10
851 3105 1011 3164 delaturum
1038 3113 1088 3164 Aa

132 3179 286 3236 dilaturum
305 3181 364 3238 edd.
370 3199 381 3246 ,·
398 3196 468 3236 oorr.
486 3179 531 3234 Re
553 3181 563 3250 ΙΙ
589 3185 621 3234 19
640 3197 703 3236 reue
722 3178 815 3235 caedis
833 3180 927 3249 31120
945 3178 1091 3235 (toleratae

134 3254 240 3306 ΔΗ
260 3253 302 3322 (io
320 3251 447 3308 codiee
465 3252 550 3306 rubro
569 3251 656 3307 colore
669 3252 795 3320 pictam),
814 3249 990 3306 Declamatio
1005 3255 1025 3303 1’
1038 3251 1047 3320 tt
1061 3256 1095 3307 23

136 3319 230 3378 aliena
247 3339 281 3378 ex
298 3323 366 3380 urbe
384 3320 555 3380 exemiturlt
