2668 3968
230 139 276 206 56
598 139 829 208 QUINTILIANI

232 304 365 371 eductae
387 303 619 388 praestandum
637 303 774 390 patavii,
796 324 836 381 ne
855 325 919 388 qua
937 303 1036 370 occisi
1051 304 1195 372 hominis

231 393 368 459 iufamia
401 392 639 478 inquinaretur,
677 409 776 478 quem·
810 392 946 458 tradidit
981 392 1086 459 amico
1123 415 1194 478 suo,

232 482 318 567 quod
347 481 412 547 iam
443 480 507 547 dici
529 485 652 567 potest,
684 481 808 567 oprimo
832 480 957 548 marito.
1003 479 1191 548 Proximum

232 575 283 638 est
306 570 447 653 abhoc,
474 573 512 640 ui
540 569 637 636 amici
659 591 786 655 quoque
819 575 851 636 et
874 568 917 654 (si
939 569 1115 657 permittit)
1139 591 1193 656 gc·

197 660 301 726 oneri
320 660 472 726 mandata
490 658 698 744 perferamus.
737 661 814 724 sunt
831 662 940 724 autem
959 658 1093 724 similia:
1114 680 1194 725 nam

232 753 266 814 ei
292 747 467 831 plurimum
498 769 572 814 cum
604 768 642 813 eo
674 747 757 812 vixit
784 752 816 813 ei
842 747 933 813 nulla
959 769 1070 830 causa,
1101 746 1192 813 nullo
1319 751 1321 764 ⁴

232 837 381 903 diductus
413 839 463 902 est
493 836 566 902 loco
594 839 628 900 ed
654 856 754 919 usque
781 834 816 900 in
841 835 905 902 hoc
933 839 1061 920 tempus
1089 836 1124 901 in
1153 857 1195 902 ea

230 925 294 991 fuir
316 924 479 1010 opinione,
500 928 538 990 ui
560 946 595 990 se
618 923 762 990 crederet
784 923 892 991 vivere
911 925 1068 991 beneficio
1086 922 1193 990 istius.

230 1012 314 1080 Erat
335 1011 481 1098 profecto
503 1011 583 1079 felix
606 1013 729 1092 domus,
755 1013 783 1078 si
805 1011 841 1078 in
863 1013 921 1079 illa
937 1013 1042 1098 prima
1061 1011 1193 1080 simula·

179 1116 212 1168 10
229 1101 319 1168 tione
342 1102 377 1167 hi
400 1123 532 1169 manere
554 1102 743 1168 voluissent,
779 1101 834 1167 sed
857 1102 934 1168 dum
955 1101 1040 1168 hanc
1063 1121 1194 1186 quoque

196 1179 199 1186 ⁵
229 1189 395 1257 beneficiis
427 1189 543 1274 optimi
575 1191 660 1257 sonis
693 1187 812 1255 referre
844 1190 985 1276 gratiam
1016 1189 1132 1256 volunt
1159 1193 1194 1255 e’o
1267 1231 1269 1236 ·
1301 1203 1305 1218 ·

230 1279 423 1364 simpliciter
439 1277 584 1345 faieniur
602 1279 726 1345 omnia:
745 1277 928 1346 inciderunt
946 1277 1041 1345 ambo
1058 1279 1094 1344 in
1107 1279 1193 1345 hano

231 1366 384 1434 dicendae
402 1390 518 1434 causae
540 1367 779 1453 necessiiaiem,
797 1368 873 1434 dum
892 1367 1017 1434 scilicet
1040 1367 1192 1435 ambitio-

230 1479 285 1524 sus
304 1477 406 1544 gener
422 1458 493 1523 vult
513 1456 617 1523 videri
638 1478 749 1523 socero
770 1478 829 1523 suo
850 1456 1064 1541 innocentior,
1088 1477 1187 1541 quam
1320 1497 1321 1510 ,

178 1559 212 1610 15
229 1546 410 1613 ridebaiur.
440 1545 602 1630 Equidem
623 1545 764 1629 peractis
788 1545 969 1631 gratiarum
990 1544 1191 1631 agendarum

230 1634 392 1702 mandaris
424 1633 486 1700 hoc
515 1634 661 1720 primum'
684 1637 778 1719 puro,
804 1638 843 1701 ui
868 1634 925 1700 isui
948 1630 992 1719 (si
1015 1631 1194 1721 permittit)

230 1723 386 1808 granden
425 1722 498 1789 *filie
519 1723 599 1807 aius,
620 1722 817 1807 probissima
845 1721 955 1806 puella
978 1743 1016 1787 ao
1038 1743 1194 1794 verecun-

230 1811 378 1896 dissime,
399 1811 525 1878 nullam
547 1811 673 1895 accepit
694 1810 862 1894 iniurium,
889 1810 1012 1876 amicus
1037 1814 1070 1876 et
1092 1831 1192 1896 gener

228 1900 355 1967 nullum
378 1901 482 1968 scelus
509 1899 595 1968 fecit.
639 1921 714 1964 nam
742 1898 771 1963 si
799 1897 877 1984 quid
899 1898 966 1966 tale
989 1899 1133 1984 eogiare
1157 1902 1191 1966 et

177 2003 211 2054 1ο
230 1989 266 2054 in
287 1990 433 2056 animum
455 1988 605 2056 inducere
621 1987 792 2072 potuissei,
813 1986 871 2053 illo
890 1991 1036 2072 tempore
1052 1987 1191 2054 vitiandi

229 2077 345 2142 habuit
364 2078 575 2160 occasionem,
594 2098 657 2160 quo
675 2074 867 2161 naufragam
887 2076 1013 2142 inlitus
1030 2081 1191 2142 evexerat

229 2164 369 2251 Reliqua
401 2165 647 2251 pausationis
677 2185 768 2230 meae
807 2186 873 2230 non
907 2168 977 2231 iam
1009 2165 1051 2230 ad
1082 2164 1191 2230 defen·

229 2252 1192 2427 13111111111111111111111111111

176 2445 211 2497 co
228 2431 374 2517 priorum
396 2434 579 2514 temporum
603 2428 803 2496 admoneam.
890 2392 899 2427 ²

295 2519 358 2586 Hic
377 2516 473 2603 enim,
495 2515 627 2603 iudices,
650 2516 849 2602 adulescens,
873 2515 975 2604 (quod
997 2517 1032 2582 in
1053 2515 1116 2583 hoc
1134 2517 1189 2582 de-

228 2630 319 2673 mum
340 2605 458 2672 iudicio
482 2605 664 2674 audivimus
684 2629 703 2672 a
721 2605 821 2674 divite
840 2606 917 2694 dici)
936 2627 1067 2692 pauper,
1089 2628 1189 2672 unam
1312 2640 1317 2653 ·

129 2687 144 2714 ⁶
229 2695 294 2761 sibi
316 2694 457 2780 domum,
481 2715 579 2779 quam
603 2695 737 2781 coleret,
762 2695 876 2782 elegit,
898 2718 998 2762 unum
1020 2695 1114 2778 hunc,
1138 2695 1189 2760 cui

228 2783 324 2848 fidem
357 2805 449 2849 suam
476 2781 675 2867 inpenderet.
725 2806 764 2852 ac
790 2783 882 2850 brevi
909 2784 1068 2869 moribus,
1096 2803 1188 2850 sano-

299 2997 315 3046 3
343 2989 413 3064 (et)
432 2991 508 3061 quod
527 2991 580 3050 Scio
606 2993 616 3064 ΙΙ
642 3000 660 3050 4
688 2995 724 3049 ab
752 2993 806 3051 hoc
833 3008 882 3050 oca
914 2997 934 3046 Β
966 2993 976 3062 ΙΙ
1008 2999 1023 3047 1
1052 2992 1191 3048 deducens

227 3065 275 3116 n
298 3064 308 3134 ΙΙ
332 3067 364 3118 10
383 3059 522 3118 humanae
540 3080 585 3120 res
603 3063 760 3121 valuissent
777 3069 797 3118 Β
816 3065 825 3133 ΙΙ
844 3069 876 3119 11
896 3065 987 3120 voluit
1004 3065 1048 3134 ΒΙΙ
1063 3070 1096 3120 11
1115 3063 1188 3120 fatc-
1315 3067 1317 3084 '

227 3136 305 3189 retur
323 3133 368 3202 ΒΙΙ
383 3137 488 3190 14-18
506 3135 569 3191 vult
587 3154 613 3191 v.
633 3153 654 3191 s.
674 3153 694 3192 s.
713 3136 732 3192 i.
752 3153 778 3218 q.
797 3153 824 3193 v.
843 3151 868 3191 e.
886 3152 913 3205 p.
933 3153 959 3206 g.
979 3151 1004 3190 a.
1023 3152 1060 3189 m.
1074 3133 1102 3189 h.
1116 3151 1145 3204 p.
1159 3151 1187 3204 p.

227 3221 253 3259 u.
273 3203 291 3260 i.
310 3222 337 3274 p.
357 3221 383 3275 g.
403 3203 422 3260 1.
442 3222 466 3261 o.
485 3223 512 3275 p.
532 3224 559 3276 p.
579 3221 604 3261 a.
624 3225 650 3262 v.
669 3225 696 3263 n.
715 3223 740 3261 a.
759 3221 779 3261 1.
798 3221 822 3260 a.
842 3221 866 3260 s.
885 3221 1039 3276 genetore
1058 3209 1099 3260 Aa
1120 3207 1129 3274 i
1153 3209 1190 3270 11

226 3274 288 3329 iotis
307 3273 447 3344 permitiit
465 3277 558 3345 11111
578 3277 765 3332 deiectionem
775 3281 816 3330 Δι
829 3277 838 3345 ii
852 3282 885 3331 13
904 3275 1002 3332 iudicii
1019 3280 1040 3329 Β
1054 3277 1064 3345 ΙΙ
1077 3277 1190 3346 spectat

221 3361 278 3471 opp.
296 3349 345 3470 Bnil
363 3352 397 3403 16
415 3347 470 3402 hoc
488 3347 602 3415 quidem
620 3348 677 3403 iud.
695 3351 717 3401 Β
735 3348 745 3416 i
766 3353 799 3404 11
819 3346 948 3406 audimur
966 3350 1013 3418 ΔΙΙ
1026 3352 1060 3402 19
1078 3345 1188 3402 brevio-

226 3433 251 3472 τι
271 3433 304 3471 ua
1012 3461 1017 3470 .
