2682 3956
239 158 306 223 344
606 113 836 225 counimur

240 323 273 385 et
296 320 380 386 alius
399 320 539 386 fortasse
556 324 686 386 tantum
703 321 910 405 usurpaverit
928 321 1125 406 libertatem,
1147 321 1202 387 hic

238 413 272 473 et
296 409 497 493 adprobavit.
542 410 681 494 quibus?
722 409 916 494 publicanis:
938 408 1126 475 hominibus
1150 409 1203 492 (ut

238 496 428 581 parcissime
452 497 570 583 dicam)
593 497 862 583 diligentissimis.
892 498 927 562 in
950 519 1079 562 summa
1100 498 1201 564 velim

240 586 408 650 ostendere
430 589 538 651 totum
555 591 646 651 tuum
667 588 871 653 comitatum:
895 587 966 671 quis
984 586 1119 651 habitus
1138 607 1202 650 ser·
1327 627 1328 636 κ

204 691 353 740 ovorum
376 674 464 740 fuit?

306 762 402 846 „Ego
425 767 549 843 tamen,
575 763 697 848 inquit,
725 784 791 829 non
813 784 852 828 ea
874 763 1043 827 voluntate
1065 761 1143 845 feci,
1164 765 1203 826 nt
1327 769 1328 782 ¹

238 850 293 915 hic
320 851 404 916 liber
431 855 529 935 esset,
557 850 614 916 sed
641 875 693 935 ea,
725 855 761 917 nt
787 851 919 935 publica
941 872 1008 916 non
1031 847 1200 916 solveret“

241 937 377 1021 Saepius
402 939 513 1003 eadem
537 939 673 1005 dicenda
695 944 773 1004 sunt
798 974 836 986 -
862 939 962 1003 etiam
985 939 1201 1024 gratulamur,

240 1026 269 1090 si
291 1026 397 1091 invito
419 1030 452 1090 te
471 1026 555 1092 liber
574 1030 634 1111 est,
651 1049 704 1092 -τ
727 1027 867 1092 liberum
887 1047 958 1093 esse
976 1027 1121 1110 noluisti,
1144 1027 1201 1091 sed

186 1131 220 1181 10
240 1113 275 1177 in
297 1111 450 1179 libertate
473 1137 545 1180 esse
566 1116 709 1180 voluisti.
740 1116 822 1180 nihil
845 1116 991 1199 interest,
1016 1137 1081 1200 qua
1103 1135 1202 1180 eausa

240 1200 303 1268 hoc
325 1202 455 1268 feceris:
478 1204 511 1268 id
535 1207 601 1288 est,
624 1203 675 1289 (ut
697 1204 831 1290 propius
855 1205 896 1269 ad
918 1204 1019 1269 verba
1041 1203 1125 1288 legis
1148 1224 1199 1268 ac-

239 1289 365 1375 cedam)
393 1291 476 1356 nihil
502 1292 652 1377 interest,
679 1315 743 1378 qua
770 1314 869 1358 eausa
895 1293 930 1357 in
953 1291 1105 1358 libertate
1128 1312 1200 1356 esse

240 1400 313 1444 enm
336 1379 487 1446 volueris.
518 1380 641 1446 Verum
664 1381 863 1466 intensum,
886 1403 983 1466 quem
1006 1379 1202 1464 praetendis,

239 1465 340 1552 digna
366 1490 473 1555 poena
500 1473 560 1534 est.
606 1469 869 1536 circumscribere
890 1467 1065 1554 vectigalia
1086 1468 1201 1553 populi
1327 1469 1329 1496 ⁴

189 1573 221 1623 15
240 1555 381 1622 Romani
399 1557 540 1622 voluisti.
571 1559 678 1641 speeie
696 1557 892 1644 praetextati
911 1558 1077 1642 imponere
1094 1556 1201 1640 publi-

240 1665 321 1709 cano
344 1645 488 1711 voluisti.
519 1646 731 1728 postmodum
753 1647 869 1731 dicem,
893 1651 1051 1731 quantum
1072 1644 1202 1710 intersit

238 1729 335 1796 huius
353 1733 457 1816 pueri:
480 1733 614 1799 interim
629 1735 744 1820 dicem,
762 1739 819 1800 tua
838 1734 916 1820 quid
933 1733 1091 1800 interest?
1115 1731 1202 1817 quod

238 1820 394 1906 petieras,
416 1843 484 1886 non
507 1823 645 1909 contigit
667 1823 752 1888 tibi?
779 1844 846 1889 non
868 1821 1039 1888 fefellisti?

636 2016 809 2086 SERMO.

187 2156 221 2205 20
307 2138 398 2205 Haec
421 2141 507 2206 circa
530 2143 590 2226 ius,
612 2143 672 2207 ille
694 2143 761 2208 iam
783 2143 869 2208 circa
892 2143 1097 2228 aequitatem

553 2350 889 2419 DECLAMATIO.

306 2475 395 2553 Quae
422 2495 577 2558 passurus
607 2478 657 2539 est
683 2475 737 2541 hic
764 2498 846 2562 puer
872 2477 1003 2543 domino
1031 2478 1200 2544 redditus?

238 2563 309 2628 sine
331 2563 429 2628 dubio
454 2562 623 2645 <ultima>.
645 2565 796 2630 novimus
819 2566 918 2630 istam
940 2567 1198 2651 negotiationem

239 2655 272 2716 et
300 2649 565 2736 frequentissime
593 2652 629 2716 in
657 2651 729 2718 furo
757 2653 902 2719 videmus
931 2655 1052 2720 iudicia
1079 2655 1199 2720 talium

186 2755 220 2804 eo
240 2739 440 2804 iniuriarum
476 2738 617 2804 fortasse
636 2741 736 2805 etiam
754 2745 850 2806 natus
870 2746 922 2806 ert
938 2743 1111 2827 ingenuum
1132 2743 1198 2807 for-

238 2831 327 2891 tasse
357 2831 452 2912 rupto
472 2849 524 2908 ¹en
557 2827 666 2912 aliquo
700 2829 797 2893 litore
830 2834 1033 2912 praetextam
1067 2831 1200 2896 fortuna

237 2914 387 2980 reddidit.
420 2913 502 2980 illud
525 2919 574 2980 cst
597 2919 720 2999 tamen,
743 2918 830 3001 quod
851 2940 912 2984 nos
935 2921 1040 3005 magis
1064 2919 1197 2984 confun-

308 3140 489 3212 deuiusBll
511 3141 730 3198 contencione
751 3145 795 3213 ll
815 3143 1199 3214 eaom.Bll8sintBlll4

237 3218 307 3267 -lo
331 3212 482 3283 vectigalia
505 3215 542 3284 pr*
557 3213 671 3268 voluisti
694 3216 788 3284 Allo
811 3215 986 3284 praetextate
1004 3217 1058 3278 Ab,
1085 3217 1196 3283 praete-

237 3283 311 3338 state
328 3283 536 3353 Blpublicana
553 3288 587 3352 B,
614 3284 773 3354 publicanis
791 3290 812 3337 1²
828 3286 838 3354 l
857 3289 889 3338 17
908 3284 978 3338 ¹''tuo
997 3283 1089 3357 [quid]
1108 3284 1196 3342 inter-

237 3353 281 3407 est
299 3351 407 3420 601123
426 3352 630 3428 <ultima)1te
652 3356 661 3423 ΙΙ
683 3355 852 3410 novissimus
870 3356 962 3424 illu
980 3353 1090 3410 iudicat
1107 3357 1195 3411 alium

237 3426 287 3474 AB
301 3421 359 3490 112⁷
378 3438 460 3478 amen
479 3425 588 3493 Allnoa
606 3441 656 3480 orn.
675 3428 696 3477 B
