2682 3956
242 135 309 200 370
606 130 838 198 ΟΠΙΝῊΗΑΝῙ

242 305 277 364 et
323 297 562 382 diligentiorem
607 317 717 359 rerum
756 294 1005 378 inquisitionem
1045 297 1209 363 securitas

242 387 357 454 habet:
378 407 447 451 non
469 389 567 450 vacat
583 385 621 448 in
637 383 725 448 bello
744 405 855 448 curam
874 404 973 467 agere
991 385 1210 470 singulorum.

243 477 285 543 ad
311 476 396 540 hanc
421 474 584 540 rationem
613 473 738 537 accedit
759 471 841 535 illud
863 493 1008 556 quoquc,
1039 475 1126 558 quod
1149 476 1208 540 ad-

243 567 433 630 ministrare
453 585 521 627 non
542 567 653 645 potest
673 560 808 642 bellum,
827 560 894 625 nisi
915 565 1044 627 tantm
1061 569 1208 646 potesta-

207 659 310 720 ntem
342 653 494 718 habuerit
519 651 708 734 imperator.
747 653 800 714 tot
826 649 919 713 milia
945 653 1208 735 conscriptorum

244 743 386 807 militum
412 741 449 805 in
477 741 581 804 aciem
608 739 756 821 educere,
781 737 954 822 adsignare
976 741 1051 804 loca
1071 742 1206 806 interim
1322 743 1323 746 ’

242 832 439 916 periculosa,
460 828 598 893 tuendos
622 828 723 910 cives,
745 827 964 912 expugnanda
985 829 1129 894 hostium
1152 851 1207 895 ca-

244 920 355 1001 stella,
385 939 454 984 non
477 921 586 1000 potest
616 917 689 981 sola
714 916 816 980 ratio:
852 938 935 1000 opus
963 923 1014 982 est
1041 924 1075 982 et
1106 923 1208 983 metu
1322 973 1323 984 ,

243 1007 344 1093 quid?
358 1006 551 1091 sipleraque
561 1003 720 1088 accidunt,
739 1005 774 1068 in
787 1005 906 1088 qusstus
919 1008 1086 1092 praesenti
1099 1029 1208 1091 poena
1322 1037 1323 1040 ¹

189 1097 405 1180 1ocastigare
427 1115 559 1159 neccsse
580 1099 630 1157 est
649 1115 715 1176 eos,
732 1094 789 1178 qni
805 1095 1043 1178 peccaverunt?
1065 1096 1106 1160 sd
1123 1095 1207 1162 hacc

242 1186 345 1271 igitur
373 1184 484 1248 omnia
504 1183 674 1266 provisum
696 1187 795 1267 atquc
817 1185 1054 1266 'fprolatumt
1076 1190 1140 1268 est,
1168 1191 1207 1250 ut
1323 1269 1324 1272 Ἴ

242 1275 456 1358 imperator
479 1293 662 1336 summam
685 1276 925 1355 potestatem
947 1273 1114 1338 haberet

310 1361 395 1438 Quid
418 1368 528 1426 tamen
550 1383 571 1424 a
590 1361 687 1426 nobis
710 1362 796 1445 exigi
819 1362 973 1444 oportet?
1004 1363 1125 1427 bonam
1148 1385 1206 1428 vc-

242 1451 413 1517 luntatenn
458 1451 635 1514 erraverim
662 1471 754 1514 sane:
787 1449 815 1514 si
847 1450 883 1514 id
910 1452 991 1515 satis
1017 1452 1207 1534 probationi

190 1557 225 1605 ro
243 1539 441 1622 existimavi,
469 1539 497 1603 si
524 1538 586 1603 hoc
615 1538 656 1602 ad
678 1539 857 1603 utilitatem
879 1539 1022 1604 civitafis
1041 1543 1206 1622 pertinere

244 1627 379 1693 credidi:
407 1629 480 1711 quis
508 1627 712 1692 damnaverit
740 1647 828 1710 eum,
856 1627 912 1712 qui
939 1628 1065 1693 duabus
1092 1634 1206 1712 poten·

242 1717 381 1782 tissimis
403 1716 501 1780 rebus
524 1715 716 1798 defenditur,
737 1716 807 1779 iure
831 1721 865 1780 ct
886 1717 1017 1782 mente?

310 1805 418 1882 Quid?
443 1805 472 1869 si
494 1805 594 1870 etiam
615 1805 702 1868 ratic
720 1803 783 1868 hoc
800 1805 942 1870 faciendi
959 1806 1031 1870 fuit
1064 1808 1205 1871 forsitan

242 1899 277 1958 et
303 1895 391 1958 lente
421 1899 453 1957 ct
483 1894 619 1957 nimium
650 1892 831 1976 periculose
858 1895 1004 1978 fecerim,
1036 1897 1120 1979 qnod
1153 1918 1206 1959 su-

189 1999 225 2048 ao
243 1987 370 2067 speotos
389 1982 585 2066 proditionis
601 1986 730 2046 tautum
743 1982 778 2045 in
792 2003 952 2047 carcerem
966 1983 1039 2048 duci
1051 1984 1133 2048 iussi
1146 2007 1205 2048 —:
1323 2045 1324 2054 ,

244 2071 326 2136 nihil
345 2091 487 2156 egeram,
504 2090 573 2135 non
590 2070 673 2134 satis
691 2070 817 2135 usitati
837 2093 1079 2156 prospexeram:
1097 2073 1205 2139 hostis

242 2160 328 2225 idem
367 2161 512 2244 speravit
543 2181 598 2222 -τ
634 2163 747 2222 tamen
775 2159 838 2224 hoc
869 2182 911 2224 ne
942 2160 984 2224 ab
1016 2166 1205 2226 accusatore

243 2249 373 2333 quidem
400 2246 655 2332 reprehenditur.
700 2247 768 2311 iam
794 2247 898 2332 igitur
923 2248 964 2312 de
989 2247 1056 2333 bis,
1087 2251 1205 2335 quiin

244 2358 404 2404 carcerem
441 2336 514 2400 duci
546 2335 739 2418 debuerunt,
774 2337 877 2402 levius
910 2341 961 2402 cst
998 2339 1204 2423 supplicium,
1325 2419 1326 2426 ἵ

189 2441 224 2490 ao
244 2447 444 2510 quacumque
462 2425 590 2489 ratione
609 2429 775 2507 sumptum
794 2429 853 2492 est
878 2447 966 2491 nnnc
981 2448 1081 2510 quare
1095 2449 1205 2510 sump-

242 2514 335 2580 tum?
359 2513 554 2598 proditionis
577 2513 652 2577 finis
675 2517 774 2598 atque
796 2513 929 2580 effectus
951 2516 1057 2580 omnis
1076 2517 1111 2579 iu
1130 2537 1203 2600 pro·

242 2607 364 2668 rimam
390 2601 485 2668 nobis
507 2607 637 2666 noctem
660 2602 921 2667 denuntiabatur.
965 2608 1047 2688 puta
1068 2604 1203 2669 falsumt

243 2693 316 2776 quis
343 2711 412 2754 non
433 2691 576 2776 ignoscit
598 2712 666 2755 rem
689 2695 816 2754 onom
839 2692 991 2757 timenti?
1026 2713 1094 2757 non
1116 2692 1203 2758 cuim

243 2779 418 2844 discrimen
445 2801 622 2864 pancorum
646 2778 788 2862 capitum
811 2779 983 2865 agebatur:
1012 2803 1055 2846 an
1077 2781 1204 2864 aliquid

189 2871 327 2933 coesset
359 2867 440 2932 haec
473 2869 602 2945 civitas,
641 2890 684 2931 an
714 2867 850 2951 templa,
887 2891 930 2933 an
963 2871 1204 2936 vetustissimae

242 2957 416 3041 vestigium
436 2956 551 3024 saltem
569 2956 660 3020 urbis
673 2955 923 3041 relinqueretur,
938 2980 980 3023 an
993 2957 1089 3023 liberi
1103 2959 1204 3024 vestri

315 3139 329 3184 1
349 3133 379 3184 et
395 3147 446 3186 orn.
465 3132 539 3200 Blt
559 3130 635 3200 impr
653 3134 684 3199 Δ,
703 3135 785 3185 om
798 3134 839 3200 ΕΒ
857 3146 894 3185 no
912 3133 959 3201 Al
974 3138 1007 3186 10
1025 3133 1205 3202 peccaverint

240 3205 285 3271 Bt
300 3206 333 3255 13
347 3203 510 3270 oportcatB
524 3199 649 3270 thouara
664 3203 766 3258 bonam
782 3204 829 3271 ΔΙ
844 3208 876 3256 19
895 3203 1060 3257 meticulose
1079 3203 1117 3272 (ἵ)
1135 3203 1181 3258 Bo
1193 3205 1203 3275 ll

243 3277 347 3326 19—20
366 3276 513 3342 suspectus
530 3275 602 3326 Ab!
614 3275 624 3340 ΙΙ
637 3278 670 3327 21
690 3273 814 3342 legeram
832 3276 925 3342 Bltt
945 3277 1073 3344 sumptus
1090 3277 1133 3328 Δι
1145 3275 1155 3344 Ι
1167 3279 1203 3329 26

237 3340 261 3412 ll
276 3343 308 3395 io
325 3359 411 3411 marc.
430 3345 453 3394 Δ
471 3347 481 3412 Ι
499 3348 533 3396 29
552 3343 703 3414 agebaturr
721 3343 946 3416 <agebatur>au
960 3351 1007 3398 etc.
1021 3347 1092 3413 Aer3
1110 3344 1204 3418 (sed)

241 3427 277 3464 an
297 3411 421 3478 Sctlco
440 3429 499 3467 esse
517 3415 627 3481 Aaltl
648 3416 776 3468 nortun
