2692 3960
223 129 289 194 250
472 69 479 78 ι
589 127 820 195 Quinctium

221 293 306 357 hanc
329 313 489 357 summam
518 291 584 357 utri
611 290 750 357 vellem?
777 312 843 356 non
865 293 998 375 poterat
1021 291 1119 356 aliter
1142 291 1188 356 et*-

221 383 324 465 ficere,
347 385 384 446 ut
407 379 488 446 mihi
512 381 567 446 isti
590 381 854 464 obsequerentur.
884 380 1084 463 excogitavit
1106 400 1186 464 ergo

222 469 365 555 optimus
385 469 529 535 omnium
549 469 741 552 amicorum,
759 467 922 552 quomodo
941 469 999 533 isti
1016 472 1187 553 tamquam

222 562 363 644 patrono
395 559 476 623 mihi
508 559 775 642 obsequerentur,
802 579 877 623 cum
904 557 1028 641 alioqui
1060 558 1185 641 praedi·

187 648 352 713 erinaret
373 648 447 731 hoe,
475 646 561 732 quod
588 646 717 711 accidit:
743 646 868 711 nullam
897 644 983 730 apud
1010 646 1092 712 istos
1113 646 1186 712 lore

223 737 386 802 amicitiae
410 757 563 820 summae,
584 735 710 801 nullam
731 739 863 801 nostrae
882 735 1118 800 coniunctionis
1136 757 1186 801 re·

223 825 413 891 rer-entiam.

288 914 385 978 Ratio
410 933 488 998 ergo
511 913 699 978 testamenti
721 913 798 977 talis
823 915 887 977 est:
913 934 956 979 ne
979 913 1030 978 ius
1054 912 1186 997 quidem

222 1001 356 1067 dubium
383 1005 467 1084 erat,
496 1002 596 1067 etiam
624 1005 801 1086 antequam
827 1001 952 1067 veniret
979 1001 1014 1067 in
1042 1001 1185 1068 dubium.

170 1106 203 1156 10
221 1091 307 1174 petis
331 1112 351 1154 a
373 1111 425 1155 me
449 1090 559 1157 decem
584 1090 675 1155 milia
698 1112 737 1154 ex
756 1093 954 1156 testamento
972 1091 1104 1174 patroni
1121 1091 1185 1156 tui:

220 1181 396 1263 interrogo,
420 1201 462 1244 an
485 1179 556 1244 dari
574 1179 706 1245 iusserit
723 1178 807 1244 tibi?
831 1178 1056 1263 quantaelibet
1074 1180 1120 1244 sis
1138 1179 1188 1244 in·

220 1267 408 1352 pudentiae,
435 1289 503 1333 non
531 1269 707 1334 mentieris.
762 1289 861 1353 quare
893 1289 934 1333 ne
965 1267 1024 1332 illa
1054 1267 1185 1352 quidem

219 1357 281 1422 tibi
304 1357 403 1436 actio,
427 1379 510 1442 quae
532 1357 688 1423 invidiam
711 1356 817 1423 facere
841 1356 926 1422 solet
948 1357 1094 1442 legatum
1116 1379 1185 1424 non

221 1446 432 1526 solventibus,
454 1447 570 1512 relicta
593 1450 653 1531 est,
676 1450 713 1513 ut
736 1447 838 1512 dicas:
857 1445 966 1531 >quod
989 1465 1051 1530 ego
1071 1446 1184 1525 merui,

168 1550 201 1600 15
220 1534 306 1619 quod
334 1555 395 1620 ego
425 1535 495 1600 iure
522 1540 630 1620 petor.
676 1535 810 1619 repetis,
839 1533 926 1619 quod
951 1534 1015 1599 tibi
1043 1540 1185 1600 nonest

220 1624 380 1688 relictum.
415 1643 526 1690 verum
549 1624 611 1690 hoe
635 1645 705 1689 esse
729 1623 937 1688 manifestum
957 1627 1020 1688 est:
1043 1623 1185 1708 peti<i>t

221 1713 304 1777 alter
327 1711 428 1796 prior,
460 1713 516 1797 qui
539 1713 602 1778 sibi
625 1712 730 1797 magis
754 1711 871 1796 dignus
900 1711 1086 1796 ridebatur3
1119 1735 1184 1797 quo

220 1804 352 1884 petente
373 1802 521 1867 tacuisti:
543 1821 609 1867 non
630 1804 740 1865 tamen
759 1799 903 1866 obtinuit
920 1800 962 1884 id,
985 1801 1072 1884 quod
1090 1801 1182 1867 nullo

220 1891 289 1954 iure
316 1893 446 1973 poterat
476 1891 636 1975 obtinere,
662 1892 699 1952 ut
727 1888 888 1974 acciperet
914 1889 1060 1975 legatum
1083 1890 1184 1956 ineer-

166 1994 202 2043 20
220 1982 299 2042 tum.
344 1977 427 2062 „Sed
454 1980 515 2045 hoc
544 1980 616 2063 ipso
641 1981 790 2061 apparet,
813 1978 934 2063 inquit,
958 1978 1069 2043 deberi
1092 1979 1182 2061 mihi,

220 2066 306 2150 quod
338 2068 408 2152 ille,
447 2090 520 2133 cum
551 2066 671 2132 iudicio
703 2066 936 2151 contendisset,
969 2067 1073 2132 victus
1106 2067 1184 2133 est.“

219 2153 374 2221 Nondum
409 2156 583 2242 diligenter
621 2156 722 2220 rerba
753 2157 940 2221 testamenti
971 2155 1076 2241 legis?
1116 2178 1184 2221 non

221 2245 306 2310 enim
329 2245 391 2310 hoe
414 2245 572 2328 scriptum
596 2247 647 2309 est
664 2247 802 2329 tantum,
825 2248 862 2310 ut
882 2245 977 2310 alteri
996 2266 1036 2310 ex
1054 2244 1182 2310 libertis

220 2332 342 2399 darem:
373 2333 430 2398 sed
457 2331 551 2415 illud,
574 2368 617 2379 -
642 2355 706 2418 quo
733 2333 814 2398 mihi
844 2337 876 2400 et
906 2334 1016 2417 plena,
1048 2336 1081 2398 et
1104 2329 1182 2419 (quo

166 2437 201 2486 25
221 2421 326 2508 magis
350 2419 474 2504 doleas)
498 2426 656 2505 perpetue
678 2423 813 2489 libertas
836 2423 951 2488 relicta
974 2424 1024 2486 est
1045 2455 1103 2504 -,
1127 2421 1184 2484 da-

219 2533 287 2576 rem
311 2511 376 2577 utri
398 2509 525 2576 vellem.
571 2530 649 2597 ergo
678 2513 706 2578 ei
733 2512 795 2577 hoc
818 2533 884 2576 non
907 2509 994 2576 cadit
1016 2509 1052 2573 in
1073 2529 1185 2574 rerum

218 2605 383 2682 naturam,
412 2601 449 2664 ut
471 2619 533 2684 ego
556 2599 603 2664 illi
626 2601 739 2666 malim
763 2599 853 2678 dare,
881 2598 936 2683 qui
960 2618 1086 2662 meeum
1110 2618 1183 2663 con-

219 2687 333 2771 tendit,
351 2707 512 2772 sperares3
532 2692 597 2771 aut,
617 2690 645 2754 si
664 2688 727 2755 hoc
743 2687 883 2776 probare
902 2706 1025 2770 posses,
1048 2708 1101 2753 me
1119 2687 1183 2753 tibi

219 2775 332 2856 malle,
359 2775 498 2842 forsitan
525 2777 644 2843 iudicio
673 2795 798 2860 quoque
827 2795 894 2839 non
917 2773 1027 2858 inique
1051 2780 1181 2846 eonten-

164 2881 200 2930 30
218 2862 362 2947 de<re>s
391 2864 420 2929 si
438 2865 567 2951 quidem
585 2867 737 2929 neutrum
754 2862 871 2928 horum
890 2863 956 2928 tale
976 2867 1035 2947 est,
1058 2868 1095 2929 ut
1108 2885 1183 2930 con·

290 3063 306 3112 0
324 3056 383 3112 fare
402 3059 465 3127 Aen
481 3063 513 3110 12
532 3053 657 3110 metieris
675 3055 719 3124 13ss
735 3061 767 3110 13
785 3055 893 3110 invidia
912 3056 1125 3125 Aulegatum
1142 3055 1184 3128 All

220 3133 254 3181 14
272 3127 361 3184 discas
380 3130 451 3198 ΔΒΙΙ
467 3133 499 3181 16
514 3123 639 3208 peti<i>t
657 3126 737 3197 Acrfl
756 3132 790 3181 21
811 3126 988 3182 contendisse
1006 3130 1030 3179 Δ
1042 3129 1052 3197 l
1066 3133 1100 3180 22
1120 3131 1184 3182 ante

218 3197 370 3268 diligenter
392 3215 429 3267 ag
451 3199 492 3252 oet
517 3215 549 3268 ις
571 3198 604 3252 ie
625 3214 728 3254 amara
749 3199 829 3254 babet
851 3200 901 3268 ΔΙΙ
925 3204 959 3251 23
979 3198 1115 3268 scriptum
1140 3200 1183 3252 te-

218 3271 388 3325 stamentum
405 3270 497 3338 31120
515 3268 657 3324 libertatis
675 3271 786 3340 nauto
805 3271 858 3323 hoc
877 3270 1033 3337 00031127
1051 3269 1100 3338 qui
1120 3284 1184 3323 cunr

218 3354 263 3464 {ne
280 3345 357 3393 Μ’
370 3342 380 3408 l
394 3345 427 3394 28
447 3342 528 3410 potes
546 3343 713 3409 Ante-30
732 3337 955 3412 contende<re>s
974 3339 1032 3394 Aer
1062 3341 1121 3410 nto
1134 3356 1184 3394 ne·

231 3427 294 3465 rum
311 3414 334 3462 A
