2668 3968
229 161 272 227 86
594 161 826 230 QUINTILIANI

225 327 333 412 legem
362 326 505 410 aliquam
532 325 588 390 sit:
616 329 649 392 et
678 325 750 392 ideo
774 346 929 412 magnam
952 347 1022 391 esse
1045 327 1190 393 virorum
1316 396 1317 405 ,

226 414 361 480 fortium
392 418 604 499 potestatem,
644 415 720 499 quia
752 436 851 499 supra
882 416 954 481 iura
991 415 1101 480 omnia
1138 416 1190 482 eit

227 502 340 568 deinde
372 503 632 588 comparabimus
661 503 761 570 etiam
782 505 871 590 leges
902 509 936 570 et
974 504 1191 590 dispiciemus,

225 595 335 657 utram
354 613 483 659 servare
501 593 607 678 magis
622 592 834 676 erepublica
850 593 902 677 sit,
917 593 946 658 si
959 593 1073 678 utique
1087 593 1191 660 altera

190 681 372 747 stollenda
404 682 456 747 sit
507 685 624 765 postea
649 681 817 747 veniemus
843 681 885 747 ad
912 681 947 746 id
973 703 1114 766 quoque,
1147 704 1191 748 en
1317 747 1318 752 ,

225 771 337 854 utique
360 770 426 835 ieta
447 770 664 854 praescriptio
687 770 796 837 valere
819 770 938 837 debeat
962 791 1103 856 semper,
1127 770 1190 838 hoc
1317 785 1318 788 ’

226 862 290 942 est,
323 880 366 923 an
394 857 494 924 etiam
520 859 556 924 in
586 858 727 942 publicis
751 859 857 926 causis
879 859 930 924 bis
954 860 994 925 de
1017 859 1131 925 eedem
1153 881 1189 926 re
1317 925 1318 930 ,

227 967 323 1032 agere
344 968 412 1014 non
433 947 541 1014 liceat.
578 947 613 1012 in
636 969 700 1032 quo
723 946 804 1012 illud
827 948 965 1015 dicatu:
988 948 1126 1033 privatis
1149 948 1189 1013 li-

226 1036 329 1119 tibus,
361 1036 516 1121 quoniam
540 1038 574 1101 et
595 1037 703 1102 minus
727 1037 884 1103 momenti
907 1042 940 1103 et
962 1037 1037 1121 plus
1059 1037 1187 1102 numeri

174 1124 378 1208 rehabeant,
397 1146 586 1192 succursum
605 1146 676 1192 esse
694 1124 757 1190 hac
769 1125 855 1211 lege:
872 1126 1021 1210 publicas
1040 1126 1186 1191 actiones

224 1213 365 1279 maiores
389 1235 470 1298 esse,
493 1235 591 1299 quam
614 1218 651 1280 ut
674 1213 793 1279 cadant
811 1215 1008 1299 exceptione.
1040 1214 1186 1300 inseque-

223 1305 278 1368 tur
292 1302 429 1387 denique
443 1303 534 1388 illud,
546 1306 585 1368 nt
598 1303 753 1387 dicamus,
767 1303 897 1369 etiamsi
909 1304 945 1368 in
960 1303 1035 1369 aliis
1047 1303 1187 1387 publicis

224 1391 331 1458 causis
349 1391 400 1457 bis
421 1392 460 1457 de
479 1391 591 1457 eadem
608 1413 644 1458 re
663 1411 760 1478 agere
777 1413 844 1457 non
862 1391 969 1477 liceat,
991 1396 1188 1458 nontamen

224 1501 295 1545 eam
323 1480 546 1546 condicionem
573 1501 644 1546 esse
672 1480 880 1566 proditionis3
911 1501 983 1548 cum
1010 1481 1046 1546 in
1069 1481 1184 1547 ceteris
1317 1541 1318 1546 ,

172 1581 206 1634 15
224 1569 364 1634 fortasse
397 1568 436 1633 de
467 1590 573 1653 poena
606 1571 735 1635 tantum
768 1571 801 1634 et
831 1570 978 1654 periculo
1011 1573 1186 1656 quaeratur
1317 1603 1318 1650 ς

225 1656 294 1722 eiua
322 1657 377 1742 qui
401 1661 585 1742 accusatur,
613 1658 649 1723 in
680 1680 778 1724 cauea
799 1658 994 1743 proditionis
1018 1658 1057 1723 de
1081 1658 1184 1724 totius

224 1745 369 1811 civitatis
393 1745 579 1812 discrimine
598 1747 756 1832 litigetur.
779 1746 863 1813 illud
871 1746 1044 1832 (quoque)
1053 1768 1187 1832 quaera-

225 1856 306 1919 mus,
330 1856 373 1899 an
395 1834 460 1901 ista
482 1836 698 1921 praescriptio
722 1835 763 1900 ad
787 1857 842 1902 eos
864 1840 996 1902 tantum
1013 1835 1186 1920 pertineat,

225 1944 299 1988 cum
322 1923 438 2008 quibus
463 1925 586 2011 agitur:
614 1924 759 2009 patiente
783 1945 836 2008 eo,
860 1925 916 2010 qui
939 1928 1122 2008 accusatur,
1144 1924 1184 1989 li-

166 2026 201 2076 20
219 2016 291 2079 oeat
313 2012 364 2079 bis
388 2033 493 2098 agere.

529 2221 862 2291 DECLAMATIO.

166 2433 169 2440 ,
284 2365 439 2432 Putemus
462 2369 495 2431 te
519 2386 600 2450 esse,
623 2366 679 2450 qui
701 2367 783 2432 velis
802 2387 963 2450 accusare,
986 2364 1183 2449 <me>reum
1317 2397 1318 2454 3

219 2475 286 2520 non
309 2453 544 2521 contradicere:
577 2453 649 2539 quis
678 2459 790 2521 tamen
811 2454 1013 2540 prohiberet,
1036 2477 1099 2541 quo
1123 2456 1183 2520 mi·

219 2565 281 2610 nus
303 2545 416 2610 iterum
439 2543 633 2610 accusarer?
656 2564 733 2630 crgo
757 2543 844 2628 quod
865 2543 927 2610 tibi
945 2542 1058 2610 liceret
1076 2543 1183 2611 facere

166 2648 272 2700 acme
294 2637 353 2718 pat
338 2633 454 2698 tziente
476 2653 608 2699 necesse
632 2632 694 2697 erit
715 2654 767 2698 me
792 2635 937 2739 optante.

290 2812 306 2861 2
326 2805 421 2860 omnia
438 2805 501 2860 iura
518 2810 564 2859 Ac
586 2807 597 2875 ss
619 2812 635 2862 8
654 2806 747 2876 legem
765 2811 846 2874 Alc,
864 2823 934 2862 corr.
954 2806 1008 2862 ses
1020 2807 1030 2876 ss
1045 2806 1184 2876 despicie-

220 2894 281 2931 mus
299 2879 323 2929 A
341 2877 351 2945 l
369 2875 446 2945 disp
465 2881 488 2928 A
510 2877 519 2945 ΙΙ
541 2882 559 2930 4
579 2894 594 2932 e
612 2893 642 2931 re
661 2877 785 2950 publica]
805 2877 994 2961 reipublicae
1012 2881 1042 2947 A,
1061 2895 1119 2961 rep.
1139 2884 1156 2931 c
1174 2875 1184 2950 Η

219 2953 235 3002 6
259 2947 321 3002 deb.
342 2962 426 3016 super
442 2946 470 3002 h
489 2951 534 3001 Ao
556 2949 566 3017 ΙΙ
589 2954 605 3003 8
631 2964 687 3003 non
712 2965 762 3004 om.
781 2954 801 3002 P
821 2947 861 3020 ΙΙ
852 2966 883 3032 m
905 2965 961 3018 qua
978 2952 1026 3002 AB
1049 2949 1058 3018 ΙΙ
1081 2948 1185 3004 dicitnr

221 3019 294 3101 ²l9
314 3017 454 3087 quomodo
473 3022 517 3071 Bc
538 3020 548 3090 {l
569 3019 749 3076 moventiBa
732 3021 780 3090 *ll
804 3026 838 3075 10
857 3019 898 3074 sic
916 3035 1027 3074 cursum
1045 3024 1086 3073 Aa
1112 3021 1121 3089 ΙΙ
1150 3023 1184 3074 11
1317 3041 1318 3082 l

219 3088 528 3215 mdae⁸abwi¹4⁸⁰’
536 3091 651 3231 maioris
669 3091 820 3228 qugrgl’ll
840 3090 1196 3228 12ddudddldmdmdlla'

219 3177 255 3288 ll
272 3160 425 3315 (ducundb
444 3161 579 3301 deleuit
549 3239 584 3288 22
598 3179 790 3373 ῆι
708 3232 763 3288 Seu
748 3176 990 3303 qlulblotdmen]
991 3177 1087 3288 ἐξ
1089 3178 1156 3288 Recte
1172 3161 1183 3304 Ν

219 3308 255 3360 24
273 3301 386 3358 interim
405 3307 489 3373 Alc,
514 3319 583 3361 corr
602 3306 659 3359 Aer
696 3306 790 3374 egoA
