2668 3968
236 145 300 211 102
367 132 371 138 '
600 141 831 210 oomrnnru

323 311 525 393 compertum
539 311 599 392 est,
613 307 691 391 quid
706 304 895 372 accidisset.
909 305 1079 372 accusatur
1093 306 1196 391 pater,

323 398 408 483 quod
431 418 529 463 causa
552 395 668 462 mortis
692 394 800 461 fuerit.

625 643 799 711 SERMO.

302 787 420 854 Facilis
449 791 482 854 et
503 787 716 872 inpromptu
739 786 825 852 ratio
845 791 895 852 est
912 787 988 853 huic
1007 787 1087 870 seni,
1111 787 1197 873 quod

201 878 376 962 spertinet
400 876 441 942 ad
464 876 627 943 adfectum
654 875 915 961 [paenitentiae],
948 876 1033 960 quod
1056 875 1198 961 pertinet

236 967 276 1032 ad
303 966 510 1050 aequitatem.
552 965 617 1030 nisi
643 968 754 1030 tamen
781 965 881 1030 etiam
908 965 979 1030 iure
1006 964 1196 1048 defenditur,

234 1055 407 1120 verendum
434 1055 510 1137 erit,
542 1075 583 1119 ne
610 1053 703 1119 illum
730 1053 862 1119 flentem
889 1053 1011 1120 iudices
1035 1053 1198 1120 damnent.

235 1145 408 1229 diligenter
430 1164 507 1230 ergo
531 1164 675 1229 pugnare
699 1144 785 1209 eirca
802 1144 908 1228 legem
927 1143 1124 1209 debebimus.
1164 1147 1198 1210 et

236 1255 314 1300 sane
337 1233 518 1317 asperiores
541 1233 575 1297 in
594 1233 816 1297 controversia
835 1235 944 1317 partes
962 1231 1103 1297 fortasse
1117 1233 1199 1298 recti

145 1325 146 1328 ’
183 1337 217 1386 10
236 1322 463 1389 declamatoris
481 1321 678 1406 relinquant.
704 1319 820 1386 divisio
840 1341 942 1406 paene
956 1320 1018 1387 hoc
1030 1320 1198 1405 proprium

234 1411 348 1495 habet,
376 1408 546 1477 ostendere
570 1432 645 1476 ossa
668 1412 702 1475 et
724 1413 844 1475 nervos'
864 1409 1120 1476 controversiae:
1154 1415 1197 1495 et,

235 1500 410 1567 secundum
438 1521 546 1564 meum
576 1498 704 1584 quidem
728 1498 896 1583 iudicium,
923 1499 1009 1564 idem
1031 1503 1198 1584 praestare

234 1589 427 1654 declamatio
452 1587 557 1654 debet
602 1609 679 1653 nam
701 1588 771 1653 sine
789 1587 850 1671 his,
873 1586 912 1652 de
931 1588 1048 1673 quibus
1067 1588 1197 1653 locutus

236 1700 318 1761 sum,
341 1698 416 1743 caro
439 1677 512 1761 ipsa
534 1698 593 1762 per
617 1698 651 1741 se
675 1676 752 1760 quid
776 1677 821 1741 sit
843 1676 1046 1762 intellegitis.
1083 1677 1199 1742 sedin

184 1765 472 1832 15.declamatione
495 1765 663 1831 vestienda
684 1768 761 1831 sunt
777 1765 866 1848 haec,
888 1769 984 1832 ut'ex
1002 1765 1095 1853 †illis
1115 1766 1199 1831 inte·

235 1855 369 1935 riores†
399 1854 484 1919 vires
513 1854 665 1920 habeant.
708 1853 860 1920 finiamus
884 1875 963 1940 ergo
985 1876 1117 1922 necesse
1140 1859 1200 1941 est,

234 1943 312 2029 quid
336 1945 380 2008 sit
403 1965 501 2009 eausa
523 1943 648 2009 mortis.
689 1946 761 2009 tota
784 1943 870 2009 enim
893 1944 935 2009 lis
959 1947 992 2009 et
1016 1965 1109 2009 omne
1133 1944 1200 2010 dis-

233 2033 357 2098 crimen
384 2033 623 2099 eontroversiaa
651 2032 685 2098 in
712 2032 775 2099 hoc
796 2033 942 2117 positum
966 2037 1024 2099 est.
1069 2034 1199 2099 namsi

236 2122 277 2186 ad
304 2121 487 2188 finitionem
512 2121 616 2207 partis
641 2121 794 2187 adversae
818 2122 1013 2201 accedimus,
1041 2125 1078 2186 ut
1102 2144 1200 2188 causa

182 2221 216 2272 πο
236 2210 350 2276 mortis
380 2211 436 2295 sit,
469 2212 524 2296 qui
555 2210 703 2276 attulerit
735 2231 866 2275 causam
903 2211 999 2276 alicui
1027 2212 1198 2296 moriendi,

233 2321 293 2384 per
321 2321 417 2383 quem
444 2299 567 2366 factum
598 2299 655 2382 sit,
684 2302 722 2363 ut
745 2299 862 2383 aliquis
885 2304 1079 2366 moreretur:
1107 2301 1198 2366 nullo

235 2387 331 2452 modo
355 2387 524 2454 defendere
547 2410 607 2454 nos
626 2409 809 2473 possumus.
843 2410 947 2474 neque
966 2389 1052 2454 enim
1071 2389 1199 2455 dubita·

234 2473 334 2562 bitur,
356 2476 434 2561 quin
456 2498 515 2563 per
536 2477 624 2543 hunc
646 2477 772 2543 facturn
794 2477 846 2558 sit,
870 2481 907 2543 ut
929 2478 986 2543 ille
1009 2481 1198 2562 moreretur,

306 2727 321 2776 1
338 2723 414 2790 quod
423 2726 504 2791 nro,
518 2737 588 2778 corr.
597 2722 642 2778 ao
654 2724 665 2791 ll
679 2722 871 2791 occidisset'n,
886 2723 1077 2778 accessissetc
1091 2726 1100 2793 11
1115 2739 1197 2779 aceu-

235 2794 339 2873 satord
352 2795 361 2863 ΙΙ
375 2792 587 2849 tellectumllc
600 2795 610 2864 ll
623 2793 861 2876 *[paenitentiae]
871 2792 1198 2867 affectum3<im)paeni·

235 2864 340 2918 tantras
355 2863 410 2931 Ro,
423 2863 551 2932 adseram
585 2868 750 2935 .108,1orq.
764 2868 774 2935 l
789 2871 804 2920 ‘1
819 2868 874 2920 erit
887 2882 938 2920 om.
948 2869 992 2918 Bc
1005 2867 1015 2935 l
1029 2865 1199 2935 tasperiore

234 2934 279 2988 usi
297 2935 384 2990 contr.
403 2935 537 3004 Bllrecte
557 2881 761 2991 declamatores
779 2940 822 2989 Bc
836 2937 846 3005 ΙΙ
861 2942 894 2992 10
912 2953 1020 3006 poenae
1034 2940 1106 2989 nc
1120 2938 1129 3006 [Ι
1142 2935 1199 3005 pri-

235 3022 313 3060 mum
331 3007 389 3076 call
405 3011 437 3060 12
456 3005 609 3061 secundum
628 3007 658 3062 et
675 3024 711 3064 m.
730 3010 802 3060 nc
816 3007 825 3076 ΙΙ
840 3013 873 3062 15
886 3009 1018 3076 sonasse:
1036 3004 1198 3063 *alexiade

235 3075 404 3147 integriores
426 3095 452 3131 r.
473 3078 500 3132 h.
522 3078 564 3132 vel
586 3079 618 3132 ut
641 3075 750 3134 axillis
768 3077 890 3133 inductis
912 3078 1050 3134 interiora
1065 3097 1091 3133 v.
1111 3078 1138 3132 h.
1157 3079 1200 3134 vel

234 3148 317 3204 etiam
334 3149 367 3202 ut
386 3164 420 3202 ex
437 3146 560 3202 inductis
579 3148 709 3220 decorem
728 3152 758 3204 et
775 3166 801 3204 v.
819 3147 847 3204 h.
874 3150 908 3217 es.
930 3149 1047 3220 Quinta.
1066 3151 1139 3205 Imt.
1158 3163 1198 3204 or.

235 3235 296 3274 cum
315 3219 384 3274 alios
402 3221 473 3275 locos
495 3224 554 3274 tum
577 3219 610 3287 V,
623 3223 642 3274 8
647 3223 691 3288 ,2
714 3219 794 3288 atqui
813 3219 1044 3277 cetera..nervis
1062 3218 1119 3274 illis
1137 3220 1200 3287 qui-

235 3288 395 3344 bus.causa
418 3288 576 3346 continetur
599 3291 668 3360 (scil.
691 3289 915 3361 probationibus)
942 3290 1069 3346 adiciunt
1090 3289 1200 3346 inducti

236 3375 321 3484 scupep
333 3359 604 3499 diffidi-iiiiii?
617 3361 626 3429 ΙΙ
641 3367 675 3416 20
693 3361 761 3430 quid
779 3364 808 3430 B,
825 3361 961 3431 ‚quicquid
971 3368 990 3416 0
1002 3364 1012 3433 l
1026 3377 1112 3418 causa
1129 3359 1201 3416 mali

251 3448 270 3484 u
429 3450 448 3485 u
468 3450 478 3485 1
541 3449 557 3484 r
