2670 3962
222 138 288 203 212
586 136 818 204 QUINTILIANI

224 299 391 386 scripserit
412 300 669 365 testamentum?
692 303 802 384 potest
822 299 925 366 videri
941 322 1009 365 non
1026 301 1183 386 ultimum,

219 389 305 473 quod
333 389 440 475 megis
463 389 533 454 iure
553 389 700 472 'primum
722 388 905 455 dixerimus.
946 389 1002 455 sed
1030 391 1183 475 quemad-

217 478 350 544 modum
376 478 464 543 inter
485 477 663 563 plur[im]e·
678 481 874 544 testamento
896 478 1051 544 ultimum
1074 481 1182 546 valere

219 569 360 652 oportet:
390 568 439 633 ite
464 566 546 632 hoec
576 566 751 632 manifeste
770 567 854 651 legis
877 567 1030 634 voluntas
1054 571 1117 654 est,
1146 572 1184 636 nt

185 672 202 720 o
219 655 254 720 id
270 659 504 722 testamentum
522 655 640 739 voleat,
663 658 739 740 post
757 655 845 739 quod
862 656 988 722 nullum
1006 660 1182 724 testimen-
1233 673 1236 680 '

218 748 289 810 tum
317 749 376 811 est
411 765 516 828 neque
545 746 596 808 est
623 743 816 810 incredibile
843 745 913 811 sine
936 745 1049 831 dubio,
1082 747 1183 814 etism

220 837 295 900 ente
317 834 381 900 boc
403 835 653 917 testamentum,
680 854 744 917 quo
769 854 830 918 ego
853 834 947 900 heres
971 834 1077 900 fectus
1102 859 1183 922 sum,

218 920 1182 1097 &titilletitffittttltltbtplett

169 1117 202 1165 10
220 1104 297 1184 post
320 1101 387 1165 elic
408 1099 566 1184 scriptum
590 1103 652 1165 est:
677 1102 710 1163 et
733 1100 759 1165 si
782 1101 925 1184 primum
948 1103 1106 1187 scriptum
1120 1065 1183 1189 bet,

219 1188 298 1274 quie
328 1189 457 1254 nullum
485 1194 598 1254 temen
624 1193 675 1254 est
704 1188 790 1274 quod
817 1191 926 1255 vincet
953 1194 988 1255 et
1014 1193 1181 1274 potentius

222 1278 266 1342 sit
286 1280 462 1362 posterius,
485 1299 545 1363 pro
567 1277 684 1343 ultimo
707 1277 893 1343 babendum
915 1284 973 1346 est

287 1365 461 1434 Sublatam
489 1365 603 1432 dicunt
628 1368 720 1450 prius
747 1371 979 1433 testamentum
1000 1370 1182 1452 posteriore

218 1459 430 1540 testamento3
467 1475 573 1540 neque
597 1474 658 1540 ego
682 1456 818 1540 infitior,
840 1457 877 1522 'si
899 1457 968 1522 iure
990 1457 1113 1524 fectum
1134 1463 1182 1526 esc

168 1561 200 1611 15
219 1548 463 1632 testamentum,
485 1545 549 1612 boc
568 1551 625 1629 est,
645 1545 675 1610 si
692 1547 921 1609 testamentum
941 1550 1001 1630 est,
1023 1549 1181 1631 potentis-

219 1633 335 1700 simam
365 1655 435 1701 eese
462 1632 607 1700 defuncti
632 1633 815 1718 proximam
844 1653 1004 1719 quemque
1031 1637 1181 1702 volente

218 1726 294 1788 tem.
333 1722 396 1789 Sed
418 1742 504 1808 nego
527 1722 632 1787 ullum
655 1726 772 1805 postea
793 1721 918 1788 factum
940 1725 1181 1790 testamentum.

220 1812 297 1896 quid
325 1817 376 1879 est
399 1812 484 1879 enim
507 1813 764 1876 testamentum?
801 1813 838 1876 ut
870 1812 998 1896 opinor,
1027 1815 1179 1880 voluntas

218 1900 362 1968 defuncti
389 1900 582 1987 consignate
609 1899 679 1963 inre
701 1898 892 1984 legibusque
916 1902 1067 1968 civitatis.
1113 1924 1180 1970 non

166 2007 200 2056 2ο
219 1990 356 2056 dixerim
379 2013 440 2077 ego
464 1991 706 2071 testamentum,
730 1987 781 2053 cui
804 2010 957 2055 numerus
977 1991 1180 2076 signatorum

219 2080 323 2167 deest3
359 2102 426 2146 non
455 2077 591 2145 dixerim
613 2079 859 2162 testamentum,
892 2080 944 2144 eui
966 2080 1123 2165 libripens
1148 2084 1181 2144 et

218 2172 346 2254 emptor
371 2167 518 2234 familiae
545 2168 578 2229 et
601 2168 709 2230 cetere
732 2166 796 2230 iuri
818 2168 1016 2234 necessarie:
1048 2169 1179 2234 tabulae

218 2262 314 2323 erunt
340 2259 479 2324 fortasse
511 2257 544 2318 et
572 2254 729 2337 scriptum
752 2256 823 2321 erit.
869 2259 902 2320 et
923 2257 984 2322 hoc
1008 2254 1060 2342 (ut
1080 2257 1178 2342 paulo

218 2350 293 2411 ante
308 2344 469 2430 dicebam)
484 2346 595 2408 vestre
611 2364 737 2428 quoque
752 2344 961 2410 menifestum
975 2346 1179 2411 confessione

165 2451 199 2500 25
219 2438 282 2520 est,
313 2457 381 2500 non
409 2453 479 2498 esse
507 2432 588 2508 illud
612 2434 854 2500 testamentum.
894 2432 981 2499 fecto
1009 2435 1094 2498 enim
1121 2433 1179 2498 illo

218 2525 324 2590 dicitis
351 2522 569 2608 propinquum
592 2525 737 2586 vestrum
760 2523 952 2588 intestatum
974 2521 1081 2586 fuisse.
1115 2519 1179 2585 hoc

216 2613 350 2697 propius
365 2611 570 2695 colligemus.
589 2614 742 2696 putemus
757 2611 843 2676 enim
857 2610 980 2676 fectum
995 2630 1065 2674 esse
1078 2629 1179 2674 unum

216 2701 279 2766 hoc
308 2703 554 2783 testamentum,
592 2699 679 2784 quod
708 2699 902 2763 damnastis:
938 2719 1017 2762 num
1044 2696 1179 2763 dubium

216 2789 340 2873 testati,
361 2788 394 2854 id
419 2792 476 2873 est,
503 2790 580 2873 quin
599 2791 647 2853 ite
665 2787 798 2852 heredes
817 2786 918 2852 futuri
935 2786 1072 2872 fueritis,
1093 2790 1177 2852 tem-

287 3006 303 3053 2
323 2997 474 3072 plur[im]e
494 2999 539 3055 Ro
556 3001 566 3070 l
585 3006 601 3054 6
619 2998 672 3052 sim
690 3002 712 3049 B
734 2997 743 3066 ΙΙ
767 3003 799 3051 11
818 2996 917 3066 posteo
933 3000 997 3065 Ar,
1021 3012 1090 3052 corr.
1110 2997 1177 3066 Bon

218 3077 251 3127 12
269 3070 363 3140 priore
381 3075 410 3140 B,
430 3070 522 3142 primo
541 3073 632 3142 21113
651 3068 763 3123 infiteor
777 3071 826 3137 As,
843 3083 902 3122 non
920 3068 1055 3123 confiteor
1069 3072 1090 3121 B
1104 3070 1114 3139 l
1126 3067 1180 3122 *sit

216 3146 264 3196 AB
286 3145 297 3224 l
320 3148 424 3199 19-20
450 3143 496 3196 cui
513 3159 540 3195 n.
560 3159 581 3197 s.
601 3141 626 3195 d.
646 3157 672 3194 n.
692 3140 718 3194 d.
737 3140 936 3196 testementum
955 3155 1005 3194 om.
1024 3142 1091 3193 ω
1111 3140 1121 3209 ῃ
1144 3145 1178 3193 20

215 3214 388 3285 libripens
406 3217 458 3284 ΔΙΙ
481 3219 515 3267 22
533 3212 593 3266 iure
614 3209 656 3266 Gr
677 3213 688 3280 l
709 3216 744 3266 25
763 3210 840 3266 velut
859 3213 922 3279 AB,
946 3225 1015 3266 corr,
1034 3210 1091 3278 Ro;
1114 3215 1196 3280 oete·
1322 3201 1323 3268 l

215 3303 278 3367 νᾳηι
297 3287 331 3354 os.
351 3291 385 3340 29
404 3291 430 3340 et
449 3289 541 3352 213,1
560 3286 706 3352 tamquam
724 3288 750 3337 et
767 3287 831 3348 213,
847 3287 862 3336 3
882 3297 1008 3364 pronon
1025 3281 1099 3364 fecto
1111 3283 1131 3405 p
1143 3287 1177 3336 26

215 3357 321 3484 ppppscup
337 3359 398 3424 ΑΒ,
422 3371 493 3412 corr.
512 3354 556 3410 Ro
583 3356 593 3424 l
619 3355 787 3408 nostmmB
814 3355 824 3422 u
851 3358 885 3407 29
904 3369 953 3422 qur
976 3369 1006 3407 1n
1029 3355 1089 3407 nte
1133 3395 1139 3409 .
1158 3352 1178 3407 f.
