2692 3960
216 121 283 188 264
565 109 821 218 ,omnunrnur

215 301 366 352 mensam
397 279 518 370 meam,
550 285 636 350 inter
667 283 821 350 convivas
851 304 941 349 meos
971 284 1098 370 expirat
1124 285 1189 351 fra·

215 379 270 441 ter
301 397 406 440 meus:
448 375 482 439 in
519 395 615 459 quem
657 372 761 439 scelus
793 372 1038 438 translaturus?
1091 393 1187 458 quem

219 463 355 530 deorum
387 463 620 548 hominumque
652 461 883 527 invocaturus?
919 481 984 526 non
1012 461 1076 527 fuit
1108 484 1187 549 ergo

218 553 309 620 locus
331 553 483 640 idoneus,
515 573 583 618 non
609 550 673 616 tuit
699 553 838 634 tempus.
880 549 984 634 adice,
1013 549 1100 635 quod
1124 572 1186 638 ego

56 629 58 632 ¹
180 640 355 708 edaturus
386 659 547 708 venenum
574 640 669 724 potui
696 639 825 724 timere,
854 659 894 704 no
922 638 1188 725 deprehenderer,

216 751 259 796 ne
282 731 509 815 praesentiret,
531 750 573 794 ne
596 728 813 812 intellegeret,
835 749 877 793 ne
900 727 1009 793 colore
1024 749 1186 795 venenum

218 814 491 903 deprehenderet,
529 840 570 883 ne
603 838 668 902 qua
699 817 750 882 vis
782 815 892 881 odoris
926 837 960 880 se
992 817 1188 884 ostenderet.

216 907 301 972 nulli
324 927 485 981 venenum
507 905 639 971 facilius
663 903 733 970 dari
755 908 878 988 potest,
906 925 1019 991 quam:
1073 907 1080 920 '
1105 907 1188 972 acci-

216 995 268 1080 pit
289 995 404 1080 utique
426 998 597 1079 tamquam
620 989 903 1060 medicamentum.
943 993 971 1058 Ε
1011 991 1015 998 '
1057 995 1187 1060 nullum

162 1100 196 1149 10
218 1083 391 1148 consilium
416 1082 550 1149 sceleris
573 1083 638 1148 mei
661 1085 719 1148 est.
757 1085 792 1148 at
815 1083 865 1148 tui
888 1079 1012 1166 quanta
1034 1084 1187 1150 occasio?

217 1192 416 1256 quamquam
439 1172 478 1238 de
501 1171 563 1236 hac
580 1175 698 1258 postea
715 1171 840 1256 loquar.
874 1172 1009 1258 paulum
1028 1173 1113 1237 enim
1133 1189 1187 1238 me

215 1260 407 1346 interpellat
434 1260 527 1346 ordo,
558 1264 596 1326 ut
623 1259 704 1325 illud
732 1259 968 1326 defendendum
992 1261 1186 1346 existimem,

217 1349 304 1434 quod
332 1349 467 1416 fratrem
496 1371 605 1416 meum
634 1349 681 1415 ait
710 1349 919 1434 suspicatum.
964 1353 1040 1414 ante
1064 1350 1185 1434 omnia,

215 1437 348 1524 iudices,
371 1438 458 1524 quod
482 1439 526 1504 sit
549 1439 631 1504 illud
655 1438 847 1523 suspicionis
871 1459 974 1523 genus
997 1459 1064 1505 non
1087 1439 1184 1504 intel·

163 1541 194 1590 15
216 1527 300 1612 lego.
329 1534 505 1613 postquam
523 1528 663 1611 biberat,
685 1527 849 1612 fingamus
868 1527 958 1593 cibos
976 1527 1185 1612 redundasse,

216 1615 380 1701 fingamus
408 1616 552 1701 aliquem
585 1636 717 1681 sensum
746 1615 939 1682 interiorum
962 1615 1076 1682 fnisset
1103 1615 1186 1682 haec

215 1705 328 1769 tamen
358 1704 468 1770 omnia
492 1704 639 1770 accidere
663 1705 762 1769 etiam
786 1726 825 1770 ex
849 1704 1015 1770 innocenti
1037 1703 1185 1771 convivio

214 1796 362 1877 possunt.
399 1792 484 1858 unde
508 1813 586 1879 ergo
611 1792 753 1878 suspicio
777 1792 849 1858 est?
866 1817 921 1859 -ε
944 1793 1029 1860 unde
1047 1794 1124 1860 illae
1144 1795 1186 1860 si·

216 1882 380 1964 multatas,
402 1882 487 1948 unde
510 1882 568 1946 illa
591 1881 762 1948 discordia.

160 2019 195 2069 20
262 2003 387 2092 ,Simul
406 2008 439 2070 et
453 2005 532 2072 illud
546 2028 614 2090 vos,
633 2004 766 2090 iudices,
785 2007 906 2072 intueri
924 2009 1063 2091 oportet,
1083 2013 1186 2092 epota

213 2083 310 2158 huius
334 2093 469 2180 potione
492 2094 628 2162 fratrem
651 2116 761 2160 meum
780 2095 934 2161 continuo
953 2096 1093 2181 perisse:
1116 2118 1185 2162 non

214 2185 325 2267 potest
353 2183 455 2248 videri
483 2206 520 2250 eo
548 2205 672 2250 veneno
700 2183 835 2268 perisse,
862 2184 897 2248 in
926 2205 989 2267 quo
1013 2189 1090 2253 ante
1113 2206 1184 2250 mo-

214 2273 361 2336 mentum
384 2273 500 2338 mortis
521 2272 662 2356 suspicio
681 2271 759 2352 fuit3
782 2293 894 2339 uerum
911 2271 994 2338 haec
1014 2295 1052 2338 ex
1070 2273 1184 2338 huius·

128 2387 131 2394 ·
214 2359 303 2423 modi
330 2361 437 2426 causis
461 2350 534 2426 ortd
557 2359 712 2444 suspicio,
744 2361 968 2444 plenissimam
991 2361 1183 2513 {deferant

160 2462 194 2513 25
213 2448 330 2514 veneni
354 2451 557 2516 occasionem
581 2449 678 2515 dedit.
706 2449 813 2532 prima
836 2449 903 2534 illa,
927 2470 990 2534 quo
1033 2448 1181 2514 habebas

214 2536 266 2602 oui
291 2537 450 2622 obiceres}
475 2540 579 2604 altera
596 2538 662 2622 illa,
687 2537 774 2622 quod
794 2535 1106 2622 qualem<cum>que
1125 2558 1182 2621 po-

213 2626 337 2692 tionem
365 2630 554 2711 accepturus
586 2630 656 2690 erat
682 2626 799 2690 frater:
830 2625 892 2688 etsi
924 2623 1017 2690 illam
1050 2623 1183 2692 tristem

213 2714 295 2798 visu,
321 2715 384 2779 etsi
404 2715 497 2780 illam
512 2717 611 2798 gustu
627 2733 787 2798 asperam,
805 2711 983 2777 bibendum
998 2716 1182 2799 esttamen,

214 2822 287 2865 cum
310 2800 398 2866 dicas
421 2801 608 2867 remedium.
641 2800 698 2865 sod
722 2800 800 2885 quid
824 2820 884 2886 ego
909 2800 1054 2867 diutius?
1078 2803 1107 2868 si
1130 2825 1182 2868 re

159 2906 194 2955 30
213 2909 334 2980 nanum
363 2909 456 2954 ame
481 2888 670 2973 accepisset,
691 2893 729 2954 tu
756 2907 922 2956 sanasaes:
952 2912 1030 2983 narn
1054 2894 1088 2956 et
1108 2892 1181 2976 pol·

283 3121 299 3170 6
323 3130 376 3170 nec
400 3116 514 3172 olere!
536 3118 547 3186 l
570 3122 684 3172 11-12
703 3116 778 3172 enim
797 3118 992 3188 interpellator
1012 3117 1047 3174 do
1065 3118 1087 3170 Ι
1110 3120 1120 3188 Ι]
1143 3124 1177 3172 12

210 3186 291 3241 illum
310 3190 361 3242 A!
375 3188 386 3257 [1
400 3193 433 3244 17
451 3187 614 3244 innocentia
631 3192 699 3243 m
713 3192 723 3259 l
737 3194 772 3244 20
788 3188 917 3245 interiori
934 3193 1004 3241 Aa!
1021 3189 1031 3258 ss
1045 3191 1179 3258 compota

210 3259 231 3309 B
253 3256 263 3326 l
283 3263 317 3312 22
336 3259 410 3314 eir?
430 3260 495 3384 'diu
513 3258 678 3329 plenissima
695 3261 739 3330 ³l
760 3259 904 3316 deferendi
922 3259 989 3326 Aer,
1008 3259 1178 3315 defendendi

211 3328 288 3407 cdd.;
305 3328 429 3396 praeben
452 3330 458 3342 '
478 3331 523 3386 Ro
536 3333 546 3402 l
560 3337 594 3386 26
614 3329 889 3404 qualem<cum>que
908 3329 950 3385 Gr
969 3332 980 3400 l
1000 3336 1035 3385 27
1054 3331 1079 3386 si
1097 3333 1128 3386 et
1145 3336 1178 3400 Δ,

213 3414 238 3451 sr
256 3397 293 3452 ad
310 3401 339 3467 B,
359 3416 428 3456 corr.
447 3402 505 3456 Aer
524 3402 534 3471 l
553 3407 587 3456 28
607 3403 631 3456 ei
650 3401 687 3455 ad
704 3406 736 3468 Δ,
756 3401 779 3456 si
798 3406 828 3456 et
845 3407 874 3469 B,
893 3417 962 3456 corr.
981 3402 1040 3458 Aer

1337 787 1338 796 l

1210 999 1225 1009 l

1283 1681 1291 1698 1

1337 2293 1338 2304 l

1334 3029 1338 3096 l
