2670 3962
239 143 305 207 218
604 139 836 208 QUINTILIANI

240 305 338 370 etiam
361 303 468 370 faeere
501 307 615 370 eontra
637 302 759 388 legem,
791 306 824 368 et
851 307 950 384 esset,
985 301 1040 386 qui
1069 301 1198 386 diceret,

240 395 337 458 »ante
356 392 577 477 deliberasses,
596 396 670 458 ante
690 392 897 478 dispexisses3
919 391 1039 457 emissa
1056 412 1120 458 vox
1140 395 1198 476 est,

150 492 154 498 '
239 485 439 566 potestatam
462 487 561 547 tuam-
576 481 650 566 ipsa
672 481 806 547 finistis.
845 501 933 546 nune
955 502 1032 546 vero
1051 503 1125 546 oum
1144 502 1199 566 op·
1322 507 1323 520 κ

238 570 361 635 taveris
383 571 529 655 nuptias,
559 573 700 635 mortem
723 574 836 654 optare
859 569 918 634 vis.
964 591 1047 653 quae
1070 569 1135 634 ista
1158 569 1199 634 ad

205 658 464 724 aorudelitatem
497 658 699 744 paenitentia
733 659 805 724 est?
854 657 1022 724 Intellexit
1053 660 1086 721 et
1117 657 1198 742 ipsa,

240 768 338 831 quam
358 770 499 832 saevum,
522 769 619 832 quam
639 747 767 813 crudele
787 748 841 812 sit.
884 746 958 829 plus
978 746 1065 811 enim
1083 749 1198 830 postea

242 837 321 900 mali
334 835 419 902 faoi?
437 836 602 922 ignovisti,
622 837 707 921 quod
721 857 905 920 rapueram3
924 835 1091 918 ignovisti,
1110 836 1196 919 quod

240 923 440 988 abstuleram
473 925 711 1010 virginitatem:
743 923 822 990 haec
848 923 973 1008 nuptiis
1002 924 1199 990 aestimasti:

239 1017 345 1077 morte
368 1013 521 1078 aestimas
545 1013 791 1080 verecundiam?
825 1033 929 1097 neque
952 1031 1027 1097 ego,
1051 1033 1123 1077 aum
1146 1033 1198 1078 me

189 1118 221 1166 10
240 1101 386 1186 rapuisse
413 1121 580 1188 negarem,
608 1103 740 1187 nuptias
767 1105 857 1167 tuas'
874 1102 1078 1166 recusabam:
1112 1103 1198 1166 vole

239 1190 315 1254 bam
347 1190 463 1257 duoare
493 1213 559 1258 non
592 1196 760 1276 tamquam
790 1196 918 1274 raptor,
950 1211 1024 1255 oum
1056 1211 1108 1254 me
1135 1189 1198 1256 hoo

239 1279 335 1346 modo
358 1283 508 1366 putarem
531 1279 601 1345 fore
624 1281 796 1364 cariorem,
820 1280 848 1344 si
870 1277 933 1344 tibi
955 1279 1107 1344 iniuriam
1130 1301 1199 1344 non

238 1366 402 1453 fecissem3
429 1368 483 1434 vel
509 1368 623 1434 fallere
654 1370 798 1434 animum
825 1372 917 1432 tuum
939 1367 1040 1452 volui,
1068 1388 1109 1432 ne
1131 1368 1196 1433 ira-
1325 1439 1326 1454 ,

239 1477 381 1522 soererrs.

187 1560 219 1610 15
306 1543 369 1610 Sed
401 1548 434 1610 et
461 1546 525 1630 ipsi
553 1546 674 1612 iudioes
701 1546 764 1612 hoo
797 1544 1101 1630 pronuntiaverunt,
1133 1545 1197 1610 hoo

239 1637 475 1718 spectaverunt.
525 1635 747 1720 quaestionem
776 1633 860 1698 enim
888 1632 989 1697 fuisse
1016 1635 1127 1718 putas,
1155 1656 1198 1700 an

239 1741 300 1806 ego
323 1723 527 1808 rapuissem?
550 1745 623 1790 oum
647 1743 707 1809 ego
726 1723 874 1787 dicerem:
897 1741 986 1786 >non
1003 1723 1107 1806 rapui,
1129 1744 1197 1788 non

238 1810 273 1874 hi
297 1832 403 1877 mores
427 1816 504 1878 sunt
526 1814 599 1896 mei,
621 1813 758 1877 honeste
777 1831 904 1895 semper
921 1810 1002 1894 vixi,
1024 1811 1197 1895 frugaliter

239 1899 315 1965 vixi.
338 1922 420 1985 quae
434 1902 586 1985 probatio
604 1900 702 1965 huius
720 1898 865 1964 oriminis
880 1900 952 1983 mei,
971 1898 1043 1984 quis
1062 1899 1198 1965 testis?‹

186 2003 220 2052 20
239 1986 430 2055 dicebantur
451 1990 512 2054 illa
534 1992 661 2056 eontra:
685 1987 911 2072 »periclitaris
935 1991 968 2052 et
985 1989 1070 2054 male
1088 1993 1195 2054 teoum

238 2077 370 2161 agitur?
393 2102 451 2143 -:
468 2078 604 2163 nuptiae
627 2080 713 2159 sunt,
736 2076 775 2141 de
799 2077 916 2162 quibus
939 2077 1079 2162 litigas«
1112 2077 1197 2143 leoe-

237 2172 315 2232 runt
332 2167 463 2250 iudiaes,
485 2165 570 2250 quod
588 2168 741 2249 parentes
759 2166 867 2231 nostri
884 2166 1051 2231 fecissent:
1074 2165 1107 2230 id
1120 2187 1194 2251 pro·
1327 2193 1328 2196 ¹

236 2256 478 2339 nuntiaverunt,
501 2256 535 2318 in
559 2276 622 2338 quo
646 2253 751 2319 victus
775 2255 899 2339 gratias
923 2259 1043 2340 ageret

299 2341 363 2409 Sed
399 2364 457 2428 spa
490 2341 658 2428 suspendit
694 2348 728 2409 et
763 2345 835 2409 vult
865 2343 968 2409 videri
998 2363 1085 2408 nuno
1117 2364 1195 2428 quo-

187 2447 220 2496 25
240 2453 301 2516 que
324 2430 465 2512 factura,
487 2431 572 2514 quod
594 2431 682 2498 feeit.
728 2433 756 2498 si
778 2431 970 2498 beneficium
992 2431 1079 2496 vitae
1105 2452 1196 2514 repe-

237 2519 395 2585 teraris:
422 2519 548 2584 dedisti.
594 2542 661 2585 non
683 2542 817 2607 possum
840 2521 915 2604 plus
939 2518 1065 2600 debere,
1094 2519 1123 2582 si
1145 2539 1194 2582 re-

236 2608 331 2692 petis.
378 2629 475 2691 quam
502 2611 609 2673 autem
633 2631 763 2676 oausam
785 2609 887 2674 habes
909 2605 1113 2671 renovandae
1138 2626 1195 2690 op·

236 2696 350 2780 tionis,
377 2696 406 2760 si
434 2698 587 2781 optatura
615 2699 747 2782 nuptias
771 2697 827 2761 es?
869 2696 897 2760 si
919 2693 1078 2759 vindicari
1100 2695 1149 2760 vis
1174 2718 1195 2760 a

236 2805 288 2849 me
311 2788 413 2865 metu,
440 2784 549 2871 timui3
579 2787 607 2852 si
631 2785 741 2871 rogari
763 2784 826 2849 vis:
853 2803 948 2868 rogo,
977 2786 1010 2848 et
1032 2804 1113 2869 rogo
1136 2806 1195 2869 per

184 2887 218 2936 30
238 2871 329 2936 illam
353 2873 558 2939 elementiam
582 2877 683 2956 tuam,
711 2892 793 2957 rogo
816 2871 882 2937 iam
906 2877 1072 2956 tamquam
1095 2873 1193 2939 mari·

236 2964 302 3043 tus3
318 2964 364 3113 fet
385 2960 554 3049 intellego,
581 2964 655 3027 tota
677 2959 758 3026 mihi
781 2961 848 3026 vita
870 2961 933 3029 hoo
957 2961 1132 3046 agendum,
1154 2965 1193 3028 ut

236 3049 316 3114 satis
332 3049 444 3116 aciem.

306 3213 320 3260 1
340 3206 415 3260 enim
434 3212 467 3273 B,
486 3223 525 3260 aa
538 3207 554 3240 *
567 3207 663 3261 umen
683 3205 718 3276 (ἒ)
740 3209 751 3277 ΙΙ
772 3212 789 3262 a
808 3206 956 3263 liberasses
973 3206 1193 3290 Bfldespexisse

233 3281 257 3329 Δ
269 3278 279 3346 ΙΙ
294 3284 309 3332 6
329 3294 438 3334 servum
456 3277 500 3348 ΒΙΙ
522 3283 537 3332 7
556 3293 704 3350 rapueram
721 3277 740 3332 i.
760 3278 835 3347 quod
853 3295 903 3334 om.
921 3281 996 3349 Blss
1014 3283 1128 3349 nuptias
1146 3282 1167 3330 B
1184 3279 1195 3350 Η

233 3353 250 3401 9
268 3364 314 3402 me
331 3348 638 3419 om.Bl1³irasoeris
656 3350 702 3418 An
717 3353 750 3404 18
769 3346 812 3404 hii
829 3351 874 3419 ΔΙΙ
888 3356 922 3404 21
941 3348 1064 3420 litigatis
1081 3353 1123 3402 Aa
1135 3351 1145 3420 fl
1159 3355 1192 3403 27

233 3417 372 3488 opinionis
390 3419 482 3488 Bflto
500 3419 683 3490 plamantiam
700 3425 725 3474 Δ
