2640 3968
215 174 307 230 XVIII
588 173 805 230 palarmo.

214 325 397 402 descriptum
420 343 495 386 esse.
523 323 624 385 Cuius
647 324 744 401 ipsius
766 323 831 384 fata
852 324 936 384 ultra
960 325 1100 402 persequi
1121 344 1181 388 non

213 442 384 500 possumus.

269 522 383 583 'Minus
407 523 490 582 certa
512 520 549 580 de
572 519 727 582 veteribus
746 519 898 580 codicibus
916 519 1091 582 testimonia
1108 520 1181 582 haee

214 619 373 680 aoeedunt:
398 618 517 680 Ulrions
535 617 691 678 Fabricius
713 610 966 698 (rrae—1526)
984 616 1016 677 in
1034 617 1180 678 librorum

217 735 341 777 suorum
357 717 486 776 tabellas
509 717 658 776 retulerat
679 717 819 794 „eentum
838 714 1017 785 Quintiliani
1035 715 1182 776 deolams·

213 811 340 889 tiones“‚
357 833 434 892 quae
453 817 556 874 umen
573 816 789 889 postmortem
807 812 872 874 eius
887 813 1180 890 sparsorutantibua
1305 863 1306 866 η

214 912 428 972 bibliothecam
451 930 512 971 non
528 915 667 988 repertae
687 914 767 989 sunt,
784 914 821 971 nt
843 913 950 972 suntor
968 914 1016 972 est
1039 911 1181 974 lustinus

215 1009 340 1088 Gobler‚
368 1009 421 1087 qui
447 1028 622 1086 processum
647 1009 731 1068 illius
759 1008 819 1070 riri
847 1003 1038 1070 indidiarium
1065 1010 1182 1086 primus
1214 1085 1218 1095 .

215 1107 371 1185 evulgavit
394 1099 487 1187 (anno
513 1099 667 1188 1541).*)

301 1213 380 1273 Tum
402 1214 441 1274 Jo
464 1213 536 1275 Alb.
561 1212 716 1274 Fabricius
743 1213 776 1272 in
799 1213 981 1300 bibliotheca
1005 1212 1115 1272 Latina
1139 1211 1179 1272 ΙΙ.

212 1331 242 1388 p.
267 1313 329 1372 321
360 1303 514 1392 (editionis
537 1309 608 1370 anni
629 1301 730 1391 17⁷3)
755 1312 829 1372 haee
857 1311 959 1387 prodit
986 1310 1096 1388 „etiam
1124 1309 1180 1381 Qu.

213 1409 328 1469 Marius
348 1407 499 1470 Corradus
518 1407 606 1470 liti.
626 1407 713 1484 epist.
739 1411 767 1469 9.
787 1407 963 1478 Quintiliani
989 1407 1179 1468 declamatio-

213 1524 266 1568 nes
288 1509 350 1567 136
375 1525 557 1585 memorans,
591 1524 667 1582 quas
695 1525 751 1566 aua
772 1524 863 1566 manu
886 1505 1086 1582 descripserat
1106 1509 1179 1564 eta

214 1622 247 1663 se
270 1604 444 1664 emendatas
472 1601 648 1680 aGryphio
671 1603 795 1664 volebat
818 1601 921 1663 excudi
945 1648 951 1661 .
975 1645 983 1660 .
1007 1648 1014 1662 .
1054 1603 1180 1662 Praeter

213 1699 379 1778 prinoipem
401 1705 503 1761 autem
532 1700 693 1762 aditionem
722 1701 917 1776 Parmensem
944 1717 1032 1758 usum
1057 1716 1180 1759 eaesae

162 1853 166 1864 ,
215 1801 349 1858 testatur
371 1798 487 1858 duobus
511 1798 662 1858 oodioibus
685 1815 755 1858 mss.
780 1798 832 1858 lib.
855 1795 872 1854 1
894 1797 980 1872 epist
1001 1794 1068 1856 11.“
1101 1794 1179 1866 Quo·
1305 1879 1306 1890 ἵ

212 1915 281 1955 rum
315 1896 400 1972 prior
435 1915 505 1973 pars
542 1899 629 1956 extra
661 1893 895 1956 controversiam
927 1897 987 1966 est,
1025 1895 1078 1953 sed
1109 1895 1178 1970 plus

214 2011 304 2070 quam
326 1992 451 2054 dubium
473 1993 560 2069 mihi,
589 2013 663 2053 num
685 1995 766 2054 reete
788 1991 1005 2066 interpretatus
1029 1992 1079 2068 sit,
1102 2011 1179 2068 quae

214 2089 364 2150 Corradus
397 2091 470 2150 dieii
497 2090 533 2149 de
560 2089 694 2150 fontibus
728 2090 799 2148 suis.
851 2089 986 2165 Ereerpo
1020 2083 1179 2165 epistilium

214 2182 372 2270 (scriptam
394 2189 519 2264 Romae,
543 2188 648 2247 eodem
675 2188 711 2245 ut
739 2186 977 2260 videaturunus,
1005 2205 1063 2263 quo
1091 2206 1178 2264 nona,
1239 2183 1244 2191 ’

173 2297 184 2308 “
216 2281 317 2366 1547)
340 2289 372 2345 et
394 2285 492 2361 prima
514 2284 578 2344 eius
601 2284 694 2343 rerba
717 2284 843 2360 adpone.
881 2283 1080 2362 „Sebastiano
1102 2282 1179 2360 Gry-

211 2385 296 2461 phio‚
324 2383 515 2460 Lugdunum.
561 2381 801 2442 Declamationes
826 2382 864 2442 ad
893 2383 924 2442 te
950 2383 1034 2459 misi,
1059 2385 1179 2442 tantum

213 2474 262 2562 (ut
290 2471 390 2556 spero)
417 2496 477 2537 non
503 2478 714 2540 mendosiores.
752 2479 849 2540 Erant
877 2481 956 2540 enim
989 2481 1178 2556 scriptura

213 2577 332 2637 omnino
356 2576 726 2637 contaminatissima.
771 2576 919 2637 Adhibita
945 2579 993 2637 est
1022 2595 1111 2638 ame
1134 2578 1177 2637 di-

212 2673 353 2750 ligentia,
379 2674 494 2748 quanta
515 2675 645 2733 maxima
667 2675 783 2749 potuit:
810 2675 863 2734 sed
893 2675 1005 2736 Romae
1034 2674 1177 2754 antiqui

211 2771 300 2832 libri
327 2788 395 2829 non
423 2773 542 2848 erant,
571 2770 679 2848 quibus
708 2790 744 2831 ea
762 2773 793 2831 in
815 2791 849 2831 re
872 2772 918 2831 uti
940 2791 1060 2848 possem
1083 2791 1118 2832 ao
1139 2790 1176 2830 ne

212 2867 282 2927 novi
296 2866 425 2943 quidem,
441 2870 563 2942 praeter
577 2887 680 2944 unum,
700 2869 753 2947 qui
765 2889 858 2946 puero
876 2869 951 2929 mihi
964 2871 1093 2947 Neapoli
1111 2872 1178 2929 erat

211 2965 337 3041 missus3
369 2967 401 3023 et
427 2964 558 3024 alterum
577 3011 584 3025 .
604 3009 639 3029 ..
674 2967 732 3027 Hie
754 2971 802 3028 est
819 3013 856 3031 ..
883 2969 1079 3046 impressione
1105 2966 1177 3026 Par-

211 3067 427 3076 μ...-

282 3097 309 3167 ⁴¹)
329 3096 423 3152 Verba
441 3098 471 3153 in
489 3099 611 3169 epistola
630 3099 749 3156 e'ditioni
769 3101 926 3172 praemissa
940 3102 1010 3157 haee
1029 3101 1109 3156 sunt:
1129 3099 1177 3169 „in

214 3168 317 3224 ultima
334 3167 386 3223 illa
403 3169 439 3223 ad
455 3167 603 3226 Gaesarem
618 3171 760 3242 (Carolum
779 3175 829 3241 ao.)
844 3174 874 3228 in
888 3171 1054 3242 Hispaniam
1069 3173 1177 3240 profec-

214 3241 300 3309 tione,
314 3238 345 3293 in
359 3255 416 3308 qua
428 3241 568 3312 occubuit,
585 3243 723 3311 quosdam
738 3245 859 3311 (codices
870 3246 919 3312 ac.)
934 3258 1029 3298 seeum
1043 3241 1177 3296 extulisse

218 3313 268 3365 aut
285 3309 394 3380 alioqui
412 3312 538 3368 sublatos
557 3330 619 3368 esre
636 3313 789 3370 verisimile
809 3316 860 3382 est,
879 3330 949 3383 quos
967 3314 1025 3368 iam
1042 3313 1176 3366 frustrae

215 3398 265 3436 suo
285 3381 471 3452 chirographo
491 3384 694 3441 desideramus:
717 3388 752 3440 ut
770 3387 835 3440 sunt
852 3383 928 3440 inter
946 3385 1039 3440 cetera
1053 3423 1060 3437 .
1072 3423 1097 3440 ..
1113 3398 1176 3437 oen·

215 3455 277 3507 tum
296 3451 516 3512 declamationes
534 3455 616 3511 Fabii
634 3454 823 3522 Quintiliani.
839 3460 886 3511 ..“
