2670 3962
232 131 299 198 200
599 131 828 198 QUINTILIANI
854 133 859 142 '

232 298 343 359 tamen
357 295 505 360 iuvenem
518 296 591 378 pari
606 295 755 380 captione
770 296 929 362 ludemus.
951 296 1090 382 fecisset,
1103 297 1197 364 fecis-

234 386 284 447 set
306 382 367 448 hoo
391 386 501 448 astuta
523 383 649 469 mulier,
675 407 757 450 anus
779 384 1003 464 inverecunda,
1025 391 1063 452 ut
1085 386 1194 454 iuveni

232 473 358 536 curioso
383 473 512 537 offerret
535 472 619 556 hanc
641 472 777 558 fatigati
801 474 946 556 corporis
964 477 1102 558 partem.
1126 478 1195 541 erat

233 559 365 645 dignus,
393 561 448 645 qui
478 560 554 625 dum
585 560 719 626 alterius
743 562 977 646 patrimonium
999 564 1096 647 petit,
1121 585 1195 647 per-

197 664 214 714 b
233 649 324 714 deret
347 649 447 714 etiam
469 649 649 734 praemium
673 671 776 715 suum.
809 651 864 715 sed
888 650 1004 715 mulier
1024 650 1196 736 simplicis·

233 737 324 822 sima,
347 737 391 820 (si
413 737 490 822 quid
513 737 645 804 mentiri
667 742 779 822 posset
802 739 857 820 [si]
878 760 945 804 non
968 735 1194 826 exposuisset)

231 826 343 908 palam
376 847 409 890 se
438 824 526 890 nolle
559 827 737 909 profitetur.
782 826 844 892 hoc
875 826 993 911 pudori
1021 829 1101 895 satis
1130 835 1194 896 est:

233 914 261 977 si
291 912 368 999 quid
397 914 572 998 iusseritis,
599 915 695 998 culpa
722 915 908 999 cogentium
936 920 994 981 est.
1040 917 1115 1002 quid
1144 920 1193 983 in-

233 1001 331 1066 terim
354 1001 485 1085 proficit
510 1002 697 1068 adulescens
716 1002 794 1069 ille?
817 1026 893 1068 nam
913 1005 942 1069 si
960 1006 1194 1089 praeiudicium

180 1108 213 1156 10
233 1093 297 1173 est,
326 1090 412 1174 quod
439 1090 519 1156 haee
546 1094 688 1156 recusat:
719 1095 754 1156 et
780 1091 863 1157 illud
891 1094 934 1158 sit
957 1099 1196 1180 argumentum,

233 1178 319 1263 quod
346 1179 399 1245 hie
427 1183 527 1264 optat.
573 1180 663 1245 cuius
695 1179 824 1265 quidem
851 1180 967 1266 pudori
990 1187 1125 1266 propter
1146 1207 1195 1250 re·

231 1269 337 1332 centia
355 1269 473 1334 merita
492 1268 586 1352 cupio
606 1270 800 1334 consultum.
838 1291 959 1354 magna
976 1274 1087 1336 tamen
1106 1274 1193 1356 cupi·

231 1355 344 1421 ditatis
376 1357 501 1422 invidia
531 1357 681 1443 inquinat
712 1359 856 1442 laudem,
889 1358 918 1423 si
950 1381 1022 1424 oum
1050 1361 1195 1426 alienum

146 1487 150 1493 ·
230 1445 463 1529 patrimonium
490 1449 593 1530 petat,
623 1468 691 1511 non
716 1450 813 1530 putat
840 1469 899 1514 sua
921 1447 1056 1534 referre,
1083 1453 1193 1514 utrum

178 1550 211 1599 15
230 1531 445 1598 hereditatem
468 1534 549 1598 illud
571 1535 678 1619 faciat,
701 1558 744 1599 an
767 1534 886 1601 dotem.

176 1686 180 1691 ,
297 1621 387 1686 Haec
411 1622 540 1707 quidem
563 1624 670 1688 minus
689 1623 831 1688 sollicita
849 1624 911 1689 fuit
929 1625 1038 1709 priore
1057 1626 1192 1711 iudici03

230 1714 306 1774 tunc
326 1711 411 1774 enim
430 1711 534 1794 pudor
555 1711 677 1778 salvus:
700 1734 786 1778 nunc
803 1716 891 1778 totos
909 1734 1041 1778 necesse
1055 1719 1105 1780 est
1118 1737 1194 1799 pro·

230 1798 315 1863 ferre
334 1798 485 1882 gemitus.
509 1799 640 1883 asemel,
659 1802 773 1886 inquit,
791 1801 964 1866 infeliciter
977 1804 1083 1887 nupsi.
1105 1825 1193 1888 pere-

224 1887 423 1972 grinabatur
437 1888 588 1974 maritus;
602 1889 680 1954 illuc
694 1890 787 1971 ierat,
800 1890 960 1955 undenon
971 1893 1021 1955 est
1030 1913 1193 1958 reversus:

177 1993 211 2041 2ο
230 1980 341 2040 tamen
360 1977 478 2040 misera
498 1978 631 2061 concepi
649 1981 691 2061 ct,
715 1981 872 2063 quantum
890 1981 1001 2044 uterus
1018 1982 1194 2065 crescebat,

230 2067 359 2128 tantum
378 2065 573 2131 accedebant
587 2067 750 2152 exequiae.
777 2071 996 2134 convenerunt
1012 2069 1053 2132 ad
1066 2071 1195 2154 parien-

230 2156 297 2218 tem
325 2154 531 2220 consolantes
559 2156 741 2241 propinqui.
786 2155 867 2221 haee
894 2163 994 2240 passa
1025 2178 1097 2224 sum
1120 2181 1192 2224 sua-

231 2263 303 2306 sore
327 2243 455 2326 ma'rito‚
478 2243 534 2327 qui
557 2266 609 2309 me
631 2244 711 2310 fecit
734 2244 893 2310 heredem.
929 2245 1003 2329 quis
1025 2251 1136 2331 potest
1152 2248 1194 2313 il-

230 2329 299 2393 lum
327 2329 412 2396 diem
436 2331 556 2396 referre
580 2333 649 2398 sine
672 2333 838 2398 lacrimis?
869 2334 978 2399 vivum
1000 2334 1098 2401 funus
1121 2355 1192 2420 gre·

176 2434 210 2484 25
229 2418 296 2482 mio
323 2419 399 2503 tuli3
433 2443 530 2506 quam
555 2438 661 2506 paene
682 2423 844 2507 expiravit
866 2423 901 2487 in
923 2422 1074 2487 manibus
1097 2425 1192 2489 meisi

231 2505 346 2571 deinde
368 2510 466 2592 periit
489 2510 560 2595 ille,
590 2511 647 2594 qui
669 2511 823 2576 iusserat:
853 2531 949 2592 quam
972 2532 1074 2594 paene
1097 2513 1191 2594 potui

229 2616 295 2661 non
323 2600 495 2681 exponere!
526 2598 603 2683 quid
626 2599 708 2663 mihi
731 2620 803 2663 cum
827 2599 889 2661 hac
912 2597 1115 2662 hereditate?
1145 2601 1189 2664 cf·

229 2684 317 2769 fecit,
339 2690 376 2750 ut
402 2687 507 2753 filium
535 2688 641 2772 magis
669 2686 915 2751 desiderarem<
951 2685 1054 2750 falsas
1076 2690 1191 2770 putate

229 2793 335 2857 voces,
365 2776 394 2839 si
417 2779 533 2859 postea
555 2774 677 2858 nupsit
723 2774 780 2837 ille
804 2772 1049 2838 desiderabatur
1071 2776 1189 2841 infans.

175 2877 211 2926 30
231 2861 288 2945 sic,
311 2867 401 2946 puto,
424 2863 573 2927 effectum
597 2865 655 2946 est,
677 2864 716 2925 ut
738 2861 856 2946 aliquis
881 2884 914 2927 se
937 2862 1041 2927 fflium
1061 2864 1188 2930 diceret.

228 2950 309 3017 haec
339 2951 468 3036 quidem
499 2949 609 3014 fabula
638 2949 750 3016 adlata
777 2955 841 3035 est,
872 2955 1040 3036 tamquam
1067 2958 1188 3019 temere

300 3130 314 3176 1
334 3123 481 3178 laudemus
500 3129 520 3176 P
537 3123 546 3192 ΙΙ
564 3124 678 3180 feenset
695 3141 746 3180 om.
765 3129 832 3180 AsB
850 3128 859 3196 ΙΙ
877 3134 893 3181 2
911 3125 1109 3182 invereeondia
1126 3131 1167 3180 Aa
1180 3127 1190 3199 ll

226 3201 242 3249 5
262 3193 343 3263 simp.
363 3196 407 3249 set
425 3213 470 3265 qu.
490 3199 532 3249 Aa
550 3197 559 3266 ss
577 3202 594 3251 6
613 3196 662 3280 [si]
684 3195 727 3252 Gr
743 3197 753 3268 l
772 3203 788 3251 8
806 3197 932 3253 vixeritis
950 3200 994 3268 ll
1014 3203 1047 3253 10
1065 3201 1191 3252 recussat

226 3265 290 3332 ΔιΙΙ
305 3270 337 3318 12
356 3266 453 3320 tamen
470 3283 522 3322 om.
540 3270 584 3339 11]
600 3273 632 3322 19
651 3267 776 3324 rmcliter
793 3272 817 3321 Δ
829 3268 838 3337 Η
852 3267 1077 3338 peregrinabitur
1095 3269 1188 3337 Allia

226 3336 268 3388 de
288 3336 432 3404 gravida
451 3338 654 3408 expositura
672 3343 696 3392 Δ
708 3341 718 3410 ΙΙ
731 3345 767 3394 24
784 3340 852 3408 post
869 3342 917 3392 AB
931 3342 940 3410 ll
954 3345 989 3396 26
1008 3340 1118 3410 expirat
1135 3341 1191 3412 “ll

225 3410 259 3458 29
278 3405 386 3460 *efficit
404 3410 453 3460 AB
466 3412 478 3479 fl
491 3414 526 3464 30
545 3409 570 3464 si
586 3411 649 3481 ipsa
667 3409 764 3480 nupsit
782 3415 802 3462 Ρ
