2692 3960
233 131 312 196 298-
600 128 832 196 QUINTILIANI

235 297 325 360 certa
353 292 464 377 alique
490 291 642 377 probatio
670 292 711 357 ad
739 292 800 357 hoc
827 291 964 357 duxerit
1014 291 1048 355 in
1074 293 1201 358 utrum·

235 384 327 467 [que]
351 401 403 446 me
425 381 511 447 ratio
535 380 646 446 ducit?
668 379 791 466 aliquid
814 379 943 445 audisse
965 383 998 444 te
1018 379 1129 445 credo:
1151 404 1201 446 re

234 470 390 556 pudiasti3
428 469 511 534 nihil
543 473 668 535 eertum
699 468 973 554 manifestumque
1004 470 1200 554 cognovisse

234 563 268 624 te
300 558 410 625 credo:
442 561 571 623 tantum
599 557 789 642 repudiasti
834 557 1067 644 qualecumque
1088 561 1201 624 temen

199 648 324 716 sistud
356 651 418 732 est,
450 668 517 712 non
547 646 742 712 mediocrem
773 646 874 712 habet
905 667 1034 711 morum
1067 667 1199 714 suorum

235 737 455 803 defensionem
483 736 536 801 vel
562 736 669 820 ipsam
698 738 887 821 egestatem.
931 734 990 801 illo
1012 736 1200 821 prostituta,

236 847 318 912 quae
341 847 375 890 se
399 825 544 891 omnium
568 825 734 890 amoribus
752 824 912 908 permisit,
933 822 1108 890 semeiam
1126 845 1199 907 per-

234 915 330 999 isset,
362 911 428 978 nisi
456 913 561 977 filium
592 911 770 978 habuisset
823 933 929 998 neque
960 912 1093 997 ignoro,
1125 935 1199 978 mea

233 1002 287 1068 vel
322 1000 478 1067 tarditate
514 1002 566 1067 vel
597 1001 791 1066 verecundia
822 1001 962 1083 factum,
999 1001 1085 1086 quod
1115 1001 1200 1066 mihi

182 1108 216 1158 ιο
234 1112 331 1156 causa
354 1089 470 1155 metris
493 1110 584 1154 meae
605 1089 660 1154 hic
683 1089 809 1175 agenda
832 1091 892 1174 ert,
916 1089 1003 1175 quod
1023 1092 1093 1155 tem
1116 1112 1200 1174 sero,

234 1179 322 1264 quod
343 1200 429 1243 nunc
452 1178 595 1261 demum,
622 1181 797 1263 postquam
819 1179 903 1263 ipse,
930 1178 1008 1243 dum
1034 1178 1200 1263 misereor,

234 1267 364 1335 offendi.
394 1267 521 1332 utinam
544 1267 671 1332 adicere
694 1267 780 1352 apud
797 1270 832 1332 te
849 1267 1008 1333 voluisset
1025 1267 1094 1352 illa,
1116 1289 1199 1352 quae

233 1357 316 1422 mihi
338 1355 456 1422 cotidie
479 1356 539 1422 ait:
562 1356 633 1421 >ita
657 1376 719 1440 ego
737 1355 886 1421 adultera
904 1354 966 1421 hoc
984 1361 1142 1441 tempore,
1163 1356 1199 1422 in

233 1445 296 1511 hac
317 1445 527 1529 potissimum
549 1448 671 1530 aetate,
697 1447 775 1529 post
796 1445 913 1528 filiurn,
940 1447 1072 1529 etpost
1093 1445 1198 1510 filium
1337 1479 1338 1490 ¹

182 1551 216 1600 15
234 1534 427 1600 invenem?
464 1533 615 1599 adfirmat
644 1533 717 1599 ideo
751 1555 785 1598 se
817 1533 907 1600 cibos
935 1534 1093 1619 accipere,
1125 1534 1197 1600 ideo
1329 1539 1338 1620 ἦ

233 1621 426 1706 protrahere
454 1623 571 1707 vitam,
598 1625 636 1687 ut
658 1622 721 1687 tibi
744 1622 782 1686 de
804 1621 962 1706 pudicitia
985 1644 1044 1687 sua
1065 1623 1199 1707 liqueat
1337 1621 1338 1628 '

234 1713 311 1776 sunt
337 1711 416 1796 ista,
449 1732 531 1795 qnae
558 1732 689 1777 movere
716 1713 749 1774 te
777 1731 905 1795 quoque
928 1714 1090 1794 poteraut
1136 1731 1197 1796 ego

233 1802 345 1865 tamen
368 1799 402 1864 in
425 1799 620 1884 praesentia,
642 1799 764 1865 omissa
787 1798 877 1864 omni
896 1798 1093 1885 defensione,
1115 1799 1199 1865 illud

232 1887 427 1972 respondere
469 1892 640 1954 contentus
682 1909 768 1970 sum,
814 1887 1080 1974 qualemcumque
1120 1889 1198 1955 alui.

179 1993 214 2043 20
234 1977 427 2061 quantulum
459 1981 509 2043 est
541 1977 641 2058 enim,
677 1974 763 2058 quod
795 1977 1015 2061 praestiterim
1047 1998 1107 2064 ego
1139 1976 1199 2062 illi,

234 2065 333 2131 etiam
351 2066 530 2132 invidiosae
547 2065 680 2148 pietatis
699 2064 806 2130 filius?
829 2086 896 2131 non
913 2068 988 2151 plns
1005 2067 1040 2132 in
1057 2069 1197 2133 matrem

234 2155 368 2239 contuli,
391 2177 488 2240 quem
511 2153 596 2238 quod
618 2154 777 2236 patereris
800 2154 913 2220 datum
936 2176 1007 2221 esse
1024 2155 1197 2222 meretrici.
1263 2223 1269 2236 ⁸

233 2241 297 2309 Sed
319 2244 404 2309 clam
427 2246 461 2308 et
481 2244 654 2327 ignorante
676 2244 720 2306 te.
753 2242 839 2308 unde
861 2243 945 2309 mihi
961 2247 1089 2309 tantam
1102 2243 1196 2327 (in)·
1331 2296 1337 2305 .

232 2331 438 2416 felicitatem,
465 2334 503 2396 ut
529 2329 592 2395 hoc
618 2329 742 2396 crimen
764 2331 831 2397 sit?
862 2333 939 2399 volo
962 2331 1075 2417 itaque
1096 2334 1196 2398 inter·

178 2435 214 2486 25
232 2441 349 2507 rogere
367 2418 593 2504 praesentibus
611 2418 673 2503 his,
695 2441 777 2504 quos
795 2420 953 2487 habemus
970 2419 1100 2503 iudices,
1119 2419 1196 2504 quid
1336 2477 1337 2486 ,

232 2509 304 2574 fieri
335 2507 526 2592 oportuerit
570 2529 688 2595 rogare
714 2513 748 2574 te
770 2508 889 2574 debui?
921 2511 1071 2572 exoratus
1093 2507 1195 2591 igitur

231 2597 359 2676 fuisses,
382 2596 411 2659 si
433 2595 623 2679 petiissem?
660 2599 723 2664 hoc
745 2596 912 2680 responde,
933 2595 996 2658 hoc
1019 2594 1137 2660 adnue:
1161 2599 1196 2660 et

232 2685 356 2750 crimen
378 2683 567 2752 confitebor.
604 2687 741 2752 aluissea
764 2704 851 2768 ergo,
874 2683 903 2747 si
926 2681 1065 2747 scisses?
1088 2683 1194 2749 credo.

231 2772 425 2856 quantulum
448 2775 536 2840 enim
555 2779 627 2840 erat
644 2773 839 2838 cotidianam
858 2770 979 2854 stipem
998 2774 1031 2836 et
1046 2771 1110 2838 hoc
1128 2772 1194 2837 exi·

179 2877 346 2946 rognum,
374 2883 439 2946 quo
467 2866 576 2929 anima
597 2864 632 2926 in
653 2862 820 2945 posterum
843 2858 930 2924 diem
951 2865 1193 2946 prorogaretur,

304 3052 534 3124 1*ntrum[que]
556 3053 606 3122 18
633 3050 795 3120 ignorantia
821 3068 885 3108 mea
907 3056 928 3104 3
951 3053 961 3121 1
985 3057 1018 3106 12
1045 3051 1076 3106 id
1099 3051 1192 3108 dicere

230 3123 285 3180 so»
296 3125 307 3194 1
320 3126 349 3179 te
367 3141 418 3180 om.
436 3129 460 3177 Δ
472 3126 483 3193 1
497 3129 531 3177 lt
549 3122 694 3177 adulterae
711 3124 803 3193 3117
822 3121 947 3192 poterint
964 3123 1040 3190 m,
1057 3126 1193 3192 poterunt

230 3200 286 3263 Ab,
309 3212 379 3250 corr.
398 3194 466 3264 1101
485 3199 518 3249 18
536 3192 662 3249 omnium
679 3195 837 3264 3-3123
856 3194 921 3249 dam
939 3197 988 3261 Δι,
1007 3210 1054 3249 am
1071 3198 1112 3246 ab
1130 3195 1192 3262 123

230 3271 302 3320 -24
319 3263 557 3339 <in>felieitatem
574 3264 629 3331 Bo,
646 3265 695 3332 cfr.
714 3268 831 3332 299,27
850 3267 860 3334 1
880 3269 916 3318 24
933 3265 963 3318 et
979 3267 1000 3315 3
1022 3265 1033 3334 1
1055 3269 1090 3320 26
1109 3281 1192 3335 opor·

229 3337 287 3391 tuit
303 3340 324 3388 3
338 3339 348 3406 1
362 3342 395 3391 27
409 3336 543 3406 petissem
556 3341 587 3405 3,
600 3336 753 3406 potuissem
766 3340 787 3387 1’
799 3336 810 3405 1
823 3340 928 3389 27—29
947 3334 1020 3391 sdne
1038 3337 1069 3391 et
1085 3335 1192 3392 crimen

229 3410 282 3475 Aa,
301 3407 338 3459 ad
356 3407 425 3462 nece
444 3407 550 3463 crimen
567 3409 661 3476 3130
678 3407 927 3477 prorogaretur
944 3409 968 3458 Δ
