2682 3956
256 125 323 188 414
636 123 869 189 QUINTILIANI

255 289 379 354 tentius
404 291 463 373 est,
486 288 572 372 quod
590 288 626 353 in
644 289 719 353 albo
738 287 822 374 lego,
845 308 941 371 quam
961 287 1046 371 quod
1065 289 1100 352 in
1117 292 1220 357 testa·
1327 383 1328 392 ἵ

256 382 374 443 mento.

321 465 403 552 „sed
427 469 533 551 pater,
556 467 679 568 inquity
699 466 804 530 voluit
826 487 878 530 me
901 485 971 530 esse
993 464 1160 551 heredem,
1185 472 1219 533 et

256 557 367 622 ideot
352 555 592 640 tyrannicidam
617 556 761 642 scripsit,
788 554 871 706 quiat
890 554 1015 620 sciebat
1037 577 1089 620 me
1113 518 1216 622 fadtu·

221 661 329 711 trum
352 643 630 730 tyrannicidiumf‘
675 641 871 708 Falleriszt
873 665 889 706 e
919 665 1059 727 namque
1082 645 1217 711 minime
1327 713 1329 738 4

255 735 367 800 voluit.
395 756 473 800 nam
492 734 520 799 si
539 733 705 812 voluisset,
728 731 913 817 scripsisset
930 732 1039 797 »filius
1063 755 1164 818 meus,
1188 734 1217 799 si

256 822 369 890 fecerit
354 822 652 907 ttyrannicidium,
674 822 768 886 heres
791 821 873 884 mihi
897 821 966 885 sit<
1003 843 1087 888 nunc
1107 785 1217 888 autem

256 915 400 998 apparet,
424 911 587 976 dolentem
609 912 793 995 iratumque
816 910 985 993 scripsisse
1009 914 1042 974 et
1061 911 1217 996 adoptare

255 1001 290 1065 in
312 1001 421 1065 locum
443 999 504 1063 filii
527 999 765 1084 tyrannicidam
791 999 940 1082 voluisse,
964 999 1040 1082 quia
1063 1000 1098 1064 in
1117 999 1218 1065 virtu·

203 1105 237 1154 10
255 1093 323 1153 tem
346 1088 568 1171 tyrannicidae
591 1087 696 1151 filium
720 1087 861 1152 excitare
883 1108 950 1152 non
972 1091 1111 1171 poterat
1152 1089 1217 1153 ira-

256 1181 325 1242 tum
352 1177 414 1241 tibi
438 1177 510 1242 dico
533 1176 648 1241 fuisse:
681 1176 854 1241 abdicavit.
899 1197 1076 1260 numquam
1097 1177 1218 1243 leviter

256 1266 491 1331 excandescunt
518 1269 638 1349 patres.
684 1270 717 1330 et
741 1287 805 1350 qua
827 1265 949 1329 causa?
995 1264 1081 1349 quod
1104 1269 1217 1351 tyran·
1326 1331 1327 1348 y

255 1378 334 1420 num
358 1376 423 1420 non
448 1354 622 1420 occideras.
653 1354 752 1439 vides,
772 1353 1041 1438 quemadmodum
1060 1354 1217 1420 inertiam

256 1449 424 1509 execratus
453 1445 509 1523 sit,
537 1465 578 1507 ne
607 1443 734 1508 iudiciis
759 1442 889 1528 quidem
912 1442 1007 1507 malis
1031 1443 1217 1511 excitatem.
1325 1517 1327 1524 ¹

203 1548 236 1598 15
255 1537 384 1597 tantum
408 1532 593 1598 abdicavit?
616 1533 732 1597 immo:
755 1552 822 1596 non
844 1530 981 1596 reduxit.
1026 1553 1142 1615 passus
1166 1536 1218 1598 est

255 1622 399 1705 exulare3
431 1643 472 1685 ne
503 1621 644 1686 moriens
673 1620 801 1705 quidem
829 1619 995 1685 miseritus
1019 1623 1081 1684 est:
1114 1621 1216 1686 etiam

253 1713 454 1775 testamento
479 1709 698 1794 exheredavit,
722 1709 820 1773 etiam
845 1708 928 1774 alios
952 1709 1129 1794 adoptavit.

649 1901 822 1970 SERMO.

321 2029 465 2095 Ultimae
488 2031 597 2114 partes
622 2027 806 2112 aequitatis.

200 2241 235 2291 ac
564 2221 904 2288 DECLAMATIO.

318 2346 470 2431 „Tamem
492 2346 607 2432 inquit,
630 2350 805 2430 tyrannum
824 2346 955 2412 occidi“
983 2346 1123 2412 Putate
1146 2371 1215 2414 me·
1321 2352 1325 2394 t

252 2436 368 2501 ruisse:
391 2435 493 2500 habes
516 2435 695 2519 praemium
715 2435 945 2520 erepublica.
978 2435 1060 2509 illud
1078 2436 1214 2503 virtutis

251 2525 431 2610 praemium
454 2524 550 2590 debet
574 2547 654 2608 esse,
675 2524 738 2589 hoc
760 2523 896 2589 inertiae
921 2524 1124 2608 supplicium.
1155 2527 1213 2592 sed

252 2614 380 2699 quando
403 2612 571 2678 occidisti?
595 2616 827 2678 testamentum
850 2615 883 2676 te
908 2613 1070 2678 excitavit.

198 2809 233 2859 as
649 2788 821 2856 SERMO,

319 2915 359 2980 In
381 2916 497 2981 ultimo
520 2914 641 2981 tuenda
664 2919 867 2980 mortuorum
889 2914 1021 2982 iudicia:
1037 2937 1215 2982 commen-

252 3005 401 3072 dabimus
430 3004 589 3070 iudicibus
613 3007 817 3070 testamenta.
864 3004 989 3072 nullam
1012 3009 1120 3070 autem
1143 3026 1216 3070 ma·

322 3197 380 3251 lle
382 3197 640 3267 g.ethuodtest
655 3195 1114 3281 omieesoinBfllttUtimidofu
1130 3200 1213 3252 sset

249 3267 308 3321 edd
324 3268 333 3336 ΙΙ
350 3272 382 3322 14
382 3215 550 3336 giudiciis,
570 3268 690 3349 publicis
709 3268 765 3336 θη
781 3269 828 3323 aad
847 3269 914 3336 ef.
901 3285 934 3322 m
951 3269 1043 3322 iudice
1060 3283 1148 3322 vocem
1167 3268 1216 3321 iu·
1324 3241 1325 3290 i

250 3337 318 3392 dicii
332 3339 342 3406 ΙΙ
357 3344 389 3394 16
407 3311 561 3408 miseritus]
581 3336 744 3394 interfectus
762 3339 806 3408 ΒΙΙ
826 3345 858 3394 17
879 3355 989 3394 exere
1008 3343 1032 3392 Δ
1044 3339 1054 3407 i
1069 3342 1102 3391 19
1121 3339 1214 3406 partis

249 3409 298 3458 ΔΒ
312 3408 371 3475 1124
389 3411 417 3462 te
437 3425 486 3462 cm.
506 3411 598 3477 ³t²ss
614 3410 868 3466 commendavimus
887 3414 938 3464 AB
952 3413 962 3479 fl
975 3415 1009 3464 27
1028 3409 1137 3463 nullum
1156 3412 1178 3460 B
