2682 3956
217 109 282 174 390
581 107 811 174 QUINTILIANI

280 269 353 336 Hoc
385 271 493 337 colore
522 271 645 355 optime
673 271 862 336 defendetur
890 271 1019 355 mulier,
1051 270 1176 355 alioqui

214 360 286 444 lege
313 359 485 427 imbecilla
531 382 607 425 nam
636 382 674 424 ex
702 359 865 424 contraria
893 363 987 444 parte
1011 359 1176 436 infinitum

213 451 330 533 potens
353 451 404 515 est
426 448 516 533 illud,
541 449 696 514 maritum
717 470 789 514 esse
812 449 1011 514 damnatum.

99 733 102 738 Ι
578 640 795 710 caelvm.

176 784 193 832 s
308 766 486 850 Exposita
508 766 690 850 pulsatori
712 767 916 850 amputatae
938 784 1080 834 manus.

213 890 381 958 Timonis
414 908 468 957 sm
500 907 616 957 nemo.
671 909 733 970 qm
769 909 910 957 rinnau
942 909 1173 977 persumme,

299 996 416 1046 11111111
448 997 597 1044 Pennus.
653 978 792 1056 Quidam
820 981 982 1064 exposito,
1015 1003 1111 1066 quem
1137 980 1174 1045 in

299 1068 406 1133 locum
424 1068 485 1132 filii
505 1068 694 1152 sustulerat,
717 1069 875 1153 pulsatus,
892 1073 1060 1154 tamquam
1077 1072 1174 1154 pater

299 1177 414 1222 manus
436 1156 561 1222 incidit.
604 1158 734 1242 agnitus
762 1158 818 1222 ille
850 1158 1006 1223 advocato
1029 1158 1173 1224 naturali

159 1263 192 1312 10
298 1249 392 1331 patre
415 1246 571 1311 talionem
592 1247 684 1331 petit.
1015 1267 1018 1271 ·

606 1422 779 1490 SERMO.

276 1548 339 1614 Hie
366 1548 553 1614 adulescens
585 1549 654 1612 inre
687 1548 835 1614 infirmus
867 1552 927 1613 est.
971 1571 1048 1615 nam
1080 1550 1169 1634 quod

209 1637 281 1721 lege
305 1638 422 1721 agitur,
444 1659 511 1702 non
529 1637 613 1702 solet
634 1636 794 1702 vindicari
812 1639 893 1722 lege.
926 1659 982 1702 cur
1005 1637 1091 1702 enim
1104 1659 1171 1724 ,po-

208 1726 274 1790 tius
298 1725 339 1791 ab
363 1726 543 1810 educatore,
567 1747 663 1814 quam
687 1747 706 1790 a
729 1725 891 1811 carnifice,
913 1729 1045 1810 petatur
1065 1725 1171 1792 talio?

158 1830 190 1879 15
210 1813 266 1879 sed
293 1817 519 1898 praeterquam
550 1814 623 1898 lege
655 1815 755 1879 etiam
782 1815 868 1879 facto
899 1815 1047 1899 laborat,
1083 1815 1170 1899 quod

209 1903 357 1986 quamvis
376 1901 594 1984 educatorem,
612 1907 722 1968 tamen
739 1904 843 1986 patris
862 1903 935 1986 loco
952 1903 1169 1988 pulsav[er]it

207 1990 386 2074 Dicat<ur>
404 1994 525 2077 tamen,
548 1991 752 2056 educatorem
774 1990 874 2056 fuisse
897 1993 983 2057 huno
1006 1993 1048 2056 ab
1070 1993 1165 2058 initio

208 2078 382 2165 crudelem,
414 2084 447 2144 et
478 2080 554 2145 hinc
581 2080 781 2162 suspicatum
809 2081 971 2164 iuvenem,
999 2103 1066 2147 non
1094 2103 1166 2146 esse

208 2167 301 2234 illurn
328 2190 441 2235 verum
463 2172 599 2254 patrem.
645 2189 741 2254 saepe
763 2169 876 2233 amicis
901 2172 1066 2254 questum;
1094 2170 1164 2254 qui·

155 2272 190 2323 ao
208 2256 346 2322 busdam
374 2259 474 2323 etiam
501 2256 684 2342 mandasse,
716 2261 753 2321 ut
780 2258 993 2342 inquirerent,
1026 2259 1082 2342 qui
1104 2257 1164 2322 ali-

208 2344 335 2438 quando
362 2345 503 2411 infantes
530 2344 763 2429 exposuissent.
807 2345 870 2411 hac
898 2367 934 2412 re
955 2346 1096 2412 validius
1119 2346 1166 2411 of·

206 2434 334 2500 feneum
358 2455 476 2500 senem.
521 2435 631 2518 itaque
655 2433 781 2499 dedisse
804 2456 949 2519 operam,
977 2439 1014 2500 ut
1036 2457 1072 2500 se
1094 2435 1167 2519 pul·

208 2523 343 2588 eandum
374 2522 558 2606 praeberet:
590 2522 758 2606 deceptum
795 2527 879 2589 certe
915 2523 956 2588 ab
993 2545 1032 2589 eo
1067 2525 1168 2588 etiam

207 2616 354 2695 tempore
389 2612 460 2695 ipso
497 2611 659 2693 iuvenem,
695 2611 848 2677 incidisse
883 2613 924 2678 in
956 2634 1043 2697 eum,
1072 2634 1168 2698 quem

155 2715 190 2766 25
209 2700 342 2766 minime
368 2703 582 2783 provocatum
609 2699 727 2764 iniuria
756 2699 865 2766 vellet
911 2701 1068 2766 atillam
1091 2722 1167 2784 con·

207 2788 318 2854 festim
338 2790 506 2872 tamquam
524 2787 562 2852 de
582 2788 688 2853 alieno
707 2809 774 2852 non
792 2788 988 2854 deliberasse
1008 2789 1167 2874 sanguine

209 2881 254 2962 et,
291 2875 367 2961 quia
398 2876 582 2942 redditurus
613 2879 700 2940 esset
736 2877 933 2960 expositum,
970 2877 1169 2945 debilitasse..

156 3029 157 3034 '
278 3039 294 3088 2
313 3031 449 3087 imbecilli
467 3035 568 3087 natura
586 3050 620 3088 ex
637 3036 682 3103 ”l
702 3039 717 3088 3
735 3033 841 3102 poteris
859 3036 902 3102 Pl
919 3033 972 3088 illfi
991 3035 1035 3104 ”l
1055 3042 1070 3089 '1
1111 3033 1168 3106 ab>

209 3103 338 3174 exposito
357 3103 408 3172 Gr,
426 3105 460 3172 cf.
478 3121 506 3173 p.
521 3109 585 3171 409,
600 3108 618 3158 7
635 3103 644 3172 l
668 3111 700 3159 10
723 3104 799 3173 patri
821 3109 844 3156 Δ
866 3107 876 3175 fl
900 3110 932 3159 12
957 3105 1016 3159 iam
1034 3104 1078 3160 Ro
1133 3110 1167 3157 11

209 3182 284 3230 -16
312 3191 396 3244 quam
425 3193 442 3229 a
465 3191 488 3230 c.
512 3193 539 3244 p.
563 3178 584 3231 t.
608 3191 630 3231 s.
652 3194 680 3245 p.
704 3175 724 3229 l.
749 3191 773 3229 e.
797 3174 815 3228 f.
840 3175 858 3228 l.
882 3193 909 3244 q.
932 3193 958 3244 q.
987 3175 1167 3230 educatorem

208 3263 260 3302 om.
279 3250 320 3299 Aa
338 3249 348 3314 1
370 3252 404 3300 16
422 3246 486 3315 lege
504 3246 600 3316 agitur
617 3246 702 3300 etiam
721 3251 745 3298 Δ
757 3246 767 3314 ΙΙ
782 3252 816 3300 le
834 3246 1105 3318 *pulsav[er]itll1l
1125 3245 1167 3299 di-

209 3313 329 3387 cat(ur>
346 3316 389 3371 Ro
402 3319 412 3386 ΙΙ
437 3321 469 3371 18
487 3317 534 3372 hic
552 3319 597 3386 1111
620 3322 652 3370 21
672 3316 808 3371 infantem
825 3321 847 3369 B
867 3317 877 3386 l
897 3323 931 3371 28
951 3319 1058 3372 eertum
1076 3318 1167 3372 habeo

209 3389 265 3455 AB,
284 3401 352 3445 corr.
371 3387 437 3455 Aer,
455 3392 528 3442 octat
545 3389 687 3442 immutari
704 3387 749 3443 Ro

1321 400 1326 507 l
