2670 3962
244 181 309 246 1¹58
608 178 839 248 QUINTILIANI

309 343 399 411 Haeo
423 346 503 411 sabis
526 345 624 431 plena
642 344 786 410 defensio
811 347 905 426 esset,
936 343 965 408 si
987 365 1052 428 qua
1076 363 1137 428 ego
1161 343 1207 407 di·

243 435 410 500 vinatione
433 435 588 518 colligere
611 435 806 519 potuissem,
829 434 941 518 ubique
963 434 1154 516 periturum,
1177 433 1206 496 si

242 543 309 589 non
332 523 560 589 reddidissem:
584 521 712 608 decepit
732 543 794 607 me,
817 522 904 607 quod
923 526 999 587 anto
1016 520 1135 587 fortius
1154 525 1206 586 bu-
1329 529 1330 546 ¹

243 612 336 678 lerab
372 633 477 699 neque
500 611 587 676 cuim
609 611 672 678 hoc
694 611 776 695 dieo,
799 609 998 694 redditurum
1021 631 1073 675 me
1095 610 1207 694 fuisse,
1318 619 1323 634 ¹

209 715 225 765 5
244 702 272 766 si
295 701 476 786 periturum
499 703 627 785 patrem
655 701 803 786 scissem3
830 700 953 785 optime
975 701 1086 784 paries
1110 697 1206 765 amici
1329 761 1330 768 ,

245 789 468 873 custodissem,
492 789 520 853 si
543 809 609 854 non
631 789 854 856 reddidissem.

654 997 784 1069 GGXO.

394 1123 573 1194 Abdicans
595 1124 784 1193 reductum
808 1125 853 1191 ob
877 1085 1051 1192 furorem.

242 1248 442 1317 Luxuriosus
458 1251 626 1318 abdicatus
640 1249 747 1316 furere
762 1249 878 1334 coepit.
896 1250 1048 1316 reducbus
1065 1269 1085 1314 a
1098 1253 1200 1335 patre,

191 1354 224 1403 10
334 1344 467 1406 sanatus
492 1339 668 1406 abdicatur.
735 1423 739 1430 Ι

554 1508 891 1601 uuoauu'uuro.

310 1657 344 1724 si
372 1662 529 1726 conscius·
547 1659 642 1743 mihi,
670 1658 806 1743 iudices,
829 1658 929 1722 ullius
957 1658 1071 1741 culpae
1098 1679 1204 1724 essem
1290 1719 1298 1740 ,

242 1752 376 1832 propter
399 1771 497 1833 quam
520 1749 639 1814 iberum
660 1746 834 1829 abdicarer,
858 1747 950 1812 scibis
968 1745 1050 1810 mihi
1067 1767 1132 1811 nou
1152 1746 1205 1812 de·
1230 1757 1233 1763 '

242 1836 344 1902 fuisse
366 1836 496 1903 tacendi
517 1836 752 1903 verecundiam.
776 1835 832 1900 sed
854 1834 950 1901 facile
970 1835 1034 1900 fuir
1051 1835 1142 1921 prius
1162 1837 1204 1902 si·

191 1939 224 1988 15
242 1925 394 1991 lentium:
424 1927 580 2010 primum,
607 1923 693 2009 quod
716 1924 888 2007 sperabam
910 1924 980 1990 fore
1003 1923 1204 1990 exorabilem

242 2017 384 2098 patrem,
416 2014 544 2095 deinde,
576 2012 661 2097 quod
689 2016 813 2078 cerium
841 2016 924 2095 erat,
955 2017 1089 2096 propter
1116 2013 1204 2096 quod

243 2102 421 2169 abdicarer.
443 2124 530 2168 nunc
548 2100 713 2186 intellego,
734 2101 768 2166 in
787 2101 908 2168 multas
927 2123 978 2166 me
996 2101 1085 2166 mitti
1102 2122 1202 2185 posse

243 2192 452 2276 suspiciones,
471 2212 543 2256 cum
562 2189 705 2274 expellar
724 2191 764 2255 ab
780 2191 904 2275 opbimo
918 2193 1024 2274 patre:
1047 2209 1107 2253 uec
1120 2189 1204 2254 mihi
1321 2246 1324 2250 .

242 2280 309 2346 ullo
338 2280 434 2344 modo
462 2282 591 2363 peierat
618 2279 758 2364 ignosci,
790 2280 820 2344 si
847 2279 1052 2344 offendissem
1081 2278 1205 2342 statim.

188 2383 223 2435 2ο
242 2372 314 2434 bota
336 2368 438 2454 igitur
460 2367 587 2432 actione
609 2367 671 2433 hoc
694 2368 777 2433 mihi
800 2367 1007 2434 obtinendum
1031 2369 1093 2431 esi:
1118 2365 1203 2430 nihil

242 2479 294 2523 me
317 2456 441 2521 fecisse.
485 2477 546 2520 nco
568 2455 663 2540 mihi,
685 2457 816 2540 iudices,
838 2457 874 2522 iu
896 2457 1003 2522 animo
1028 2459 1087 2538 esb,
1108 2475 1203 2518 excu-

243 2566 314 2610 sare
343 2545 444 2610 vitam
472 2544 614 2631 priorem
637 2567 697 2610 nee
715 2548 753 2611 ub
771 2567 822 2610 me
842 2544 947 2610 dicam
966 2563 1142 2626 numquam
1158 2541 1206 2606 di·

241 2654 342 2718 gnum
373 2631 475 2699 fuisse
508 2633 724 2714 abdicatione,
756 2634 812 2699 sod
839 2636 877 2699 ub
904 2654 956 2697 me
979 2633 1124 2717 †puiem
1146 2631 1203 2696 diu

241 2721 387 2806 fecisse†
401 2721 594 2789 abdicatum.
619 2723 677 2788 illa
691 2723 798 2805 <non>
813 2721 962 2803 narrabo,
981 2742 1078 2805 quam
1096 2718 1203 2784 indul·

312 2899 328 2948 2
347 2893 439 2964 adque
457 2900 498 2950 Aa
511 2899 520 2968 11
534 2897 686 2968 petiturum
704 2900 749 2950 ΔΒ
781 2912 850 2952 corr.
869 2895 926 2950 Aer
939 2895 979 2963 113
998 2892 1151 2948 reddissem
1169 2898 1204 2960 Δ,

239 2964 406 3021 reddidisses
425 2972 446 3019 Β
472 2967 481 3036 11
509 2973 525 3024 8
544 2967 659 3023 ductum
676 2972 707 3036 Δ,
727 2937 858 3022 eductum
875 2971 896 3018 Β
917 2967 926 3038 11
948 2971 980 3019 12
1000 2963 1076 3018 illius
1093 2967 1114 3014 Β
1135 2964 1145 3032 1
1167 2970 1205 3019 13

240 3035 370 3092 abdicare
388 3039 480 3108 Β1117
499 3039 563 3094 mibi
580 3041 626 3110 Δ1
646 3044 678 3094 18
697 3037 808 3108 expella
824 3042 848 3089 Δ
861 3039 871 3108 1
886 3043 918 3091 19
936 3033 1016 3090 nullo
1033 3038 1073 3087 Aa
1086 3036 1096 3103 1
1110 3034 1135 3088 ri
1153 3034 1202 3089 off.

239 3107 326 3163 talem
341 3111 376 3179 (.)
396 3107 455 3176 Ro;
481 3111 529 3166 sed
547 3111 581 3177 cf.
602 3109 839 3190 Pseudo-Quintil.
857 3107 1014 3173 decl.9,11
1028 3121 1059 3174 p.
1070 3109 1123 3159 199
1142 3104 1203 3162 Bu.

240 3178 354 3235 abdicas
372 3197 419 3236 me
436 3183 517 3250 pater
535 3182 594 3235 bam
613 3181 688 3236 cibo?
712 3197 760 3236 vix
778 3177 909 3234 salutabis
927 3176 1032 3231 laribus
1051 3173 1178 3242 expellor
1191 3177 1202 3250 11

239 3255 273 3303 20
292 3247 469 3306 obiciendum
486 3255 549 3320 ΔΒ,
567 3267 636 3308 corr.
655 3251 774 3321 Βα122
793 3266 916 3319 uuquam
934 3251 954 3299 Β
969 3247 1026 3315 123
1044 3247 1132 3314 puten
1150 3247 1200 3303 diu

239 3319 338 3376 fecisse
355 3327 392 3390 Δ,
419 3324 515 3391 putem
535 3321 562 3376 d.
581 3321 666 3377 fuisse
684 3326 718 3388 Β,
745 3322 861 3390 probem
878 3317 1000 3373 tacuisse
1021 3313 1076 3384 Gr,
1101 3320 1201 3386 pubem

239 3390 323 3530 ῗςῖἶο
342 3392 427 3517 ἱυίεἰὶο
446 3393 503 3514 1110,
521 3393 637 3460 fortasse
650 3393 789 3462 *probem
810 3389 893 3461 digne
911 3388 1010 3445 fecisse
1024 3389 1081 3458 124
1100 3386 1205 3464 (non)

267 3481 278 3516 r
314 3478 397 3517 narra
421 3479 437 3518 o
