2668 3968
379 155 696 214 DECLAMATIONES.
716 157 830 215 ccclx
1044 157 1087 224 57

128 319 236 403 litate,
262 319 452 385 innocentia
477 319 569 404 fecit,
595 325 633 386 ut
659 320 746 386 inter
773 342 885 386 omnes
913 322 1014 387 etiam
1038 344 1089 386 su·

128 408 262 492 perieris
285 407 437 474 fortunae
461 409 648 475 carissimus
671 409 841 474 videretur.
881 410 993 494 itaque
1016 411 1088 476 her·

128 497 206 579 cole,
229 518 305 562 cum
324 518 461 583 peregre
484 497 647 582 proficisci
664 497 869 582 destinasset,
892 520 1089 582 quamquam

126 586 373 671 navigationum
410 587 554 671 pericula
589 607 655 652 non
691 587 859 672 ignoraret
892 587 1092 671 adulescens,

129 680 236 741 tamen
269 679 399 740 secutus
430 696 489 759 per
515 675 634 758 maria,
665 696 724 761 per
750 678 973 760 tempestates.
1023 691 1126 740 none

25 817 26 820 ι
127 763 265 828 nimium
294 762 334 828 de
360 763 495 828 fortuna
521 764 697 848 querimur:
731 763 860 829 etiamsi
880 763 1089 850 naufragium

127 852 204 916 illud
238 851 362 917 multos
393 855 514 936 metus,
544 852 678 938 longum
704 853 923 937 vexationem,
955 852 1089 938 aliquod

129 941 243 1006 attulit
253 939 493 1024 detrimentum,
506 943 619 1006 tamen
633 962 703 1006 rem
716 940 946 1008 difficillimam
961 963 1089 1026 expres·

128 1029 180 1113 sit,
195 1027 274 1094 fidei
292 1029 563 1113 experimentum.
579 1029 615 1094 in
630 1029 689 1094 illa
702 1029 847 1095 omnium
860 1031 1089 1116 trepidatione,

127 1117 253 1218 inqua
279 1139 340 1202 pro
368 1139 428 1182 sua
454 1118 591 1202 quiaque
619 1119 725 1184 salute
752 1119 910 1184 sollicitis
939 1118 1022 1184 nihil
1049 1119 1088 1184 do
1110 1134 1144 1183 to

127 1205 295 1308 proximo
309 1206 492 1291 cogitabat,
526 1228 599 1272 cum
633 1207 719 1273 inter
748 1207 866 1272 fluctus
899 1211 933 1272 et
962 1207 1089 1274 turbati

129 1295 228 1360 maris
251 1295 360 1360 minas
381 1295 437 1360 ιιι
459 1295 593 1361 evadere
614 1317 652 1360 ac
668 1317 748 1361 suae
767 1295 903 1380 quisque
921 1297 1089 1362 consulere

130 1381 228 1448 saluti
250 1382 424 1466 videretur,
442 1405 510 1450 non
523 1384 722 1450 mehercule
738 1384 850 1466 miror,
871 1384 957 1468 qnod
976 1405 1089 1468 quam·

25 1523 26 1550 ,
128 1473 176 1537 ιιι
204 1471 351 1573 optimus
378 1476 474 1557 pater
502 1472 607 1538 filiam
628 1478 739 1538 tamen
760 1471 923 1556 respicere
944 1493 1010 1538 non
1033 1493 1089 1555 po·

126 1560 198 1626 tuit
224 1561 299 1644 quis
317 1561 405 1626 enim
423 1560 487 1626 hoo
499 1561 645 1628 crederet
657 1583 753 1646 posse
765 1561 847 1643 fi'eri,
859 1565 896 1626 ιιι
908 1582 978 1626 non
991 1560 1087 1626 modo
1109 1577 1144 1624 ιι

126 1649 227 1714 saluti
250 1671 329 1714 suae
352 1649 543 1733 consuleret,
565 1671 677 1716 verum
700 1650 800 1732 etiam
823 1609 973 1734 shacepto
992 1669 1090 1715 onero

128 1737 330 1804 infirmitatis
359 1738 483 1804 alienae
515 1738 688 1804 eradere
677 1761 713 1803 m
742 1741 864 1804 terram
896 1743 929 1803 et
961 1738 1090 1805 vincere

126 1827 328 1892 imminentis
360 1825 512 1892 fortunae
539 1828 677 1909 impetus
706 1826 841 1910 posset?
885 1828 996 1911 itaque
1023 1847 1090 1892 ιιοιι

128 1936 240 1980 servus
264 1914 352 1980 ullus
375 1918 444 1980 tam
466 1915 582 1998 fidelis,
604 1937 670 1981 ιιοιι
690 1915 828 1981 libertus
846 1919 916 1981 tam
934 1915 1090 1980 beneficio

127 2002 293 2087 obligatus
321 2003 581 2070 manumittentis
610 2004 687 2089 fuit,
717 2009 755 2070 ιιι
781 2004 844 2070 hoc
874 2003 984 2069 subire
1006 2003 1089 2087 peri-
1108 2019 1144 2069 ae

127 2091 235 2156 culum
267 2096 388 2176 posset.
433 2113 517 2158 unus
548 2093 672 2158 amicus
704 2091 865 2178 (nondum
892 2093 980 2158 enim
1008 2091 1090 2157 illud

126 2179 270 2246 faciebat
307 2185 478 2266 tamquam
521 2179 635 2267 gener)
671 2185 804 2265 accepta
839 2181 984 2246 humeris
1021 2180 1089 2244 suis

126 2269 236 2350 puella
258 2289 318 2353 per
338 2273 390 2337 tot
410 2267 632 2354 difficultates,
663 2291 722 2355 per
747 2273 801 2336 ιοι
831 2269 986 2354 pericula,
1006 2267 1090 2332 nihil

25 2359 26 2388 ³
126 2379 184 2440 pro
208 2379 244 2422 se
272 2357 346 2441 ipao
375 2357 551 2441 sollicitus,
569 2359 667 2425 tulit.
711 2379 809 2442 quam
829 2356 919 2424 istud
941 2378 1008 2424 ιιοιι
1029 2356 1090 2421 hu-

127 2467 240 2512 manae
264 2450 394 2512 tantum
419 2447 573 2533 op[er]is,
597 2446 653 2512 sed
677 2447 780 2512 divini
803 2445 971 2512 cuiusdam
993 2446 1089 2512 bene·
1108 2461 1144 2510 ιι

126 2534 190 2600 licii
214 2534 438 2600 arbitrandum
462 2534 534 2600 est‘l
578 2535 735 2601 turchos
759 2533 974 2600 coniunxistis
1000 2553 1089 2615 copae

127 2622 293 2708 laetisque.
322 2623 472 2688 fortunae
494 2624 579 2690 nihil
601 2645 732 2690 necesse
754 2623 860 2688 habeo
884 2621 1006 2688 diutim
1027 2621 1090 2686 hoc

125 2711 298 2795 imputare,
328 2715 497 2796 tamquam
523 2734 589 2778 non
611 2711 824 2779 intellectum.
859 2731 928 2777 non
949 2708 1091 2794 perdidit

127 2799 332 2866 beneficium:
356 2805 390 2866 et
411 2801 521 2884 puella
543 2823 578 2866 se
599 2801 683 2866 nihil
705 2822 779 2866 non
794 2798 871 2865 huic
889 2799 1005 2865 debere
1024 2819 1088 2863 cre·

127 2887 210 2954 didit
233 2892 267 2954 et
289 2891 385 2974 pater
405 2890 454 2954 ita
476 2889 709 2975 interpretatus
732 2893 782 2955 est
804 2908 919 2954 munus
938 2887 1031 2972 illud,
1053 2890 1091 2954 ut
1108 2902 1143 2952 30

129 2977 332 3042 existimaret
360 2976 465 3044 emico
488 2979 522 3042 in
545 2999 579 3044 se
602 2999 640 3044 ac
663 3000 739 3044 suos
764 2977 874 3042 omnia
895 2977 1001 3042 licere.
1037 2997 1089 3040 ru-

199 3159 232 3208 11
252 3151 361 3206 tructus
379 3153 473 3221 ΔΙΙ13
493 3151 585 3208 minor
602 3150 747 3220 helquid
765 3155 798 3220 Δ,
817 3150 1001 3233 quompdoll,
1019 3164 1089 3205 corr.

128 3219 169 3276 Fr
188 3224 198 3292 l
217 3228 251 3277 16
271 3239 370 3277 verum
389 3229 446 3292 qut.
463 3227 486 3274 Α
498 3223 637 3348 ιίιιοιιθιθ
654 3225 678 3275 Δ
695 3223 705 3292 ι
724 3225 757 3278 18
776 3221 925 3302 eminentis
944 3223 1001 3288 ΑΒ,
1019 3236 1089 3275 corr.

127 3291 167 3348 Gr
220 3295 314 3349 metus
333 3296 391 3360 ΑΒ
409 3309 479 3349 corr.
526 3293 574 3362 οΙΙ
596 3298 630 3348 25
648 3291 803 3348 humanit
823 3290 916 3362 operis
932 3295 995 3359 ΑΒ,
1019 3307 1089 3346 corr.

126 3361 170 3418 Rc
215 3371 250 3420 26
270 3369 314 3419 est
331 3379 382 3420 om
401 3367 452 3434 ΒΙΙ
469 3379 533 3446 cum
551 3368 583 3434 Α,
601 3366 711 3432 tumn,
729 3379 799 3420 corr.
818 3361 862 3418 Ro
876 3361 1090 3431 {lculpastisque

126 3433 1022 3506 ΔΒ,οοιι.Αει1130ιιιιιιιιιΔΒιιιιιιιΔΙΙιιιοιιιΒιιι
1044 3447 1090 3486 ex·
