2650 3954
318 152 635 210 DEOLAMATIONES.
655 153 893 212 ccccxxxvm.
1022 156 1088 221 43?

133 317 296 402 surgentis
318 319 406 398 [ante
426 319 538 402 quarn]
558 315 632 382 freti
650 315 750 381 facies
771 321 845 384 ante
864 320 974 400 terret,
993 340 1092 403 quam

133 407 260 490 decipit.
319 406 444 471 utinam
481 404 610 490 quidem
646 405 805 470 eiusmodi
841 407 1091 490 tempestatibus

2 544 3 548 ,
132 495 308 579 productus
328 514 424 579 esses,
446 495 541 578 puerl
564 497 601 558 tu
619 494 729 578 potius
744 497 883 561 matrem
896 494 1092 578 reliquisses.

133 582 281 667 Denique
310 604 374 666 quo
401 584 547 668 tempore
570 581 780 648 submersus?
826 582 903 648 dum
927 583 1093 668 adplicant

132 671 267 757 piratae,
286 693 328 736 an
342 669 440 736 ante?
462 670 598 736 necdum
618 670 706 736 scis?
730 675 799 738 tam
819 693 931 737 secura
949 670 1007 736 es?
1029 670 1127 737 hoco

133 760 231 826 matri
253 781 320 824 non
342 759 446 825 oredo.
470 781 526 826 cur
550 759 636 824 enim
655 781 750 825 nemo
770 781 809 826 ex
827 759 1028 847 paedagogio
1047 760 1094 826 vi·

132 848 205 913 dit?
250 850 278 913 si
306 847 401 933 vidit,
433 871 490 914 cur
516 847 681 914 laboranti
709 848 867 916 auxilium
894 870 961 913 non
990 846 1093 914 tulit?

133 937 209 1002 dum
243 937 431 1022 adplicant?
479 958 610 1003 necesse
642 939 694 1002 est
726 938 837 1023 utique
871 941 948 1004 tunc
976 937 1093 1003 fluctus

2 1113 3 1120 ἵ
132 1025 285 1092 vitaverit
314 1029 349 1091 et
375 1026 445 1110 ipse
473 1046 600 1111 quoque
626 1026 750 1112 piratas
773 1026 904 1111 fugarit.
951 1048 993 1092 an
1016 1048 1093 1092 vero

133 1114 246 1180 codem
274 1116 420 1199 tompore
448 1117 480 1180 et
506 1114 614 1198 pirata
642 1115 785 1201 adplicat
808 1119 841 1181 at
862 1115 980 1181 fluctus
1003 1130 1146 1201 prae-10

132 1201 252 1268 datur?
296 1219 377 1287 rogo
405 1223 479 1269 vos:
510 1203 566 1287 qui
597 1208 672 1268 ante
700 1204 876 1269 adventum
903 1207 994 1270 tutus
1021 1205 1095 1290 fuit,

134 1290 274 1356 adventu
297 1289 423 1374 piratae
445 1289 553 1374 perit?
573 1312 650 1376 „cur
669 1312 756 1377 ergo,
778 1292 893 1377 inquit,
915 1312 1011 1357 nemo
1031 1293 1094 1358 cla·

132 1381 277 1443 mantem
296 1377 444 1444 audiit?“
467 1379 609 1463 primum
627 1379 754 1446 vicinus
774 1379 932 1445 undarum
952 1381 1094 1446 saevien-

132 1466 217 1532 tium
247 1466 360 1551 fragor
389 1464 589 1532 audientium
613 1468 744 1534 auribus
767 1468 927 1534 minorem
951 1468 1095 1534 exclude·

132 1556 201 1622 bat
223 1576 351 1641 sonum3
388 1555 502 1620 deinde
532 1555 567 1621 in
596 1558 690 1622 tanto
723 1556 866 1623 tumultu
897 1557 1095 1643 fugientium
1114 1572 1146 1622 15

132 1644 252 1729 perisse
275 1664 387 1710 vocem
409 1665 477 1711 non
500 1644 618 1708 mirum
642 1648 701 1710 cst.
745 1645 823 1730 quid
845 1645 893 1711 ita
914 1667 982 1711 non
1006 1645 1095 1711 audi·

133 1736 189 1798 tuo
217 1732 289 1798 cst?
334 1754 389 1818 ne,
417 1752 553 1817 quaeso,
581 1731 706 1798 infelici
732 1755 832 1818 puero
860 1734 1021 1801 vilitatem
1045 1735 1097 1800 sui

133 1821 359 1906 imputaverit,
383 1821 468 1906 quod
490 1821 640 1905 relictus,
664 1820 750 1906 quod
773 1822 919 1888 desertus
943 1827 1001 1889 est.
1039 1845 1096 1889 cur

133 1930 200 1976 non
218 1908 362 1975 audisti?
385 1910 516 1995 longius
534 1911 675 1996 fugeras.
702 1907 785 1994 „Sed
798 1915 873 1995 post
885 1933 1008 1996 paucos
1027 1912 1095 1977 dics

134 2019 250 2082 corpus
274 1998 444 2083 expulsum
468 1997 546 2065 est“
574 1998 658 2077 Quid
675 1999 804 2085 mirum,
822 1999 878 2066 ubi
895 2001 1023 2085 piratae
1041 2023 1095 2067 va-
1114 2016 1148 2065 20

134 2085 275 2171 gantur?
294 2085 372 2170 quid
385 2091 422 2151 tu
434 2108 543 2172 porro,
557 2088 680 2173 inpune
699 2088 865 2174 sempe<r>
880 2089 985 2154 maria
999 2091 1096 2156 traici

133 2173 253 2259 putas?
288 2195 355 2238 non
382 2175 491 2240 minus
518 2196 653 2260 possum
681 2175 786 2241 dicere
817 2177 956 2243 alienum
985 2177 1096 2261 fuisse,

135 2282 234 2346 qnam
256 2264 350 2327 tuum
374 2261 494 2328 filium:
517 2263 614 2349 signa
636 2263 771 2329 confusa
795 2268 879 2329 sunt.
909 2265 1010 2330 immo
1029 2287 1095 2331 cra·

136 2350 267 2416 dibiliuo
292 2353 356 2434 est,
383 2349 535 2436 naufragi
563 2349 664 2416 fuisse
687 2349 781 2438 (litus
805 2353 891 2418 euim
914 2375 1097 2439 amoenum,

133 2460 201 2504 non
223 2438 360 2503 infestos
385 2439 536 2524 scopulos
559 2437 690 2526 habet),
717 2441 829 2526 utique
852 2445 953 2528 »post
974 2464 1094 2526 paucos
1113 2457 1148 2506 25

135 2527 230 2592 dies<
267 2547 342 2593 oum
375 2526 466 2592 dicas
499 2528 727 2612 »expulsum«
759 2528 853 2596 illum
886 2551 962 2595 vero
994 2531 1094 2616 longo

134 2620 281 2701 tempore
303 2611 373 2681 non'
394 2615 580 2702 expulsum,
611 2617 668 2682 sed
691 2617 887 2684 advolutum.
934 2619 1094 2703 quomodo

136 2708 245 2770 autem
278 2705 387 2789 potuit
421 2705 555 2772 confusa
581 2704 665 2771 facie
698 2705 855 2792 agnosci?
900 2711 1027 2792 „aetas,
1049 2708 1098 2772 in·

136 2793 217 2877 quit,
241 2793 490 2860 conveniebat“:
513 2794 576 2860 hoc
594 2795 681 2860 inter
699 2799 892 2882 argumenta
911 2818 982 2861 mea
1001 2796 1097 2861 mini·

211 3006 225 3055 1
246 3004 311 3056 ante
332 3003 388 3071 qui
406 3003 489 3059 fracti
508 3004 595 3061 facias
614 3011 678 3074 Aa,
697 3023 767 3063 corr.
785 3008 842 3063 :ter
864 3010 874 3080 [Ι
896 3007 1096 3080 tonitr-1²11

134 3079 150 3128 2
171 3072 282 3142 decepit
300 3076 320 3124 a
343 3074 353 3142 [Ι
376 3078 393 3126 8
412 3075 521 3143 patrem
541 3081 592 3129 ΑΒ
615 3077 625 3146 ΙΙ
647 3077 828 3147 relinquiroes
847 3084 870 3132 Α
887 3080 897 3148 ΙΙ
915 3084 932 3133 4
951 3079 1040 3134 subm.
1059 3095 1096 3134 cn

134 3139 201 3198 dum
219 3144 263 3212 ΒΙΙ
277 3145 413 3214 αρῑΔῃ
429 3151 461 3200 12
480 3146 565 3216 periit
583 3148 642 3204 edd.
665 3149 675 3218 ΙΙ
700 3153 732 3202 13
752 3148 868 3203 anditl’
888 3153 898 3219 ΙΙ
920 3155 952 3205 16
971 3151 1095 3232 praeter·

133 3216 189 3269 isse
208 3218 274 3286 Aa,
292 3230 361 3271 corr.
379 3215 424 3272 Ro
441 3218 451 3286 ΙΙ
471 3222 576 3274 1ἵ-18
595 3236 675 3273 suum
693 3219 837 3288 putaverit
854 3224 918 3288 ΑΒ,
941 3237 983 3276 sur
1006 3219 1095 3291 impu·

134 3284 238 3340 taverit
255 3285 320 3352 Aer,
339 3301 409 3344 corr.
429 3287 484 3343 Set
496 3289 506 3358 l
520 3293 553 3343 21
573 3304 657 3358 saepo
675 3294 736 3360 Aa,
755 3306 824 3347 corr.
834 3289 888 3346 aaa
900 3293 910 3360 ΙΙ
924 3291 1026 3347 traici
1044 3296 1068 3344 Δ
1086 3291 1096 3364 Η

135 3359 170 3438 243
187 3355 293 3480 {rpgierce
311 3361 332 3409 B
346 3358 404 3428 1126
422 3357 494 3414 illud
512 3358 653 3430 31110030
671 3362 694 3413 A
709 3361 717 3429 ΙΙ
732 3367 766 3416 29
784 3363 980 3431 argumentum
996 3363 1095 3432 3110ιί-

133 3444 186 3481 mrr
