2640 3968
441 851 747 928 carnelum.
888 849 1053 876 ’·

178 1084 334 1161 Reliquiae
363 1085 475 1160 operis,
500 1089 536 1146 ut
560 1086 609 1146 vel
633 1105 669 1146 ex
690 1085 788 1147 titulis
813 1087 999 1165 singularum
1023 1091 1071 1150 de-

106 1181 326 1242 clamationum
357 1183 429 1243 licet
459 1181 649 1260 intellegere,
682 1183 835 1262 aliquanto
862 1186 985 1246 maioris
1014 1187 1070 1246 hae

105 1280 312 1356 proferuntur.
349 1279 394 1340 Ex
418 1282 482 1341 388
506 1281 585 1340 enim
609 1300 685 1358 quae
708 1283 861 1360 integrum
880 1303 987 1361 corpus
1007 1285 1070 1345 effi-

106 1377 230 1437 ciebant
256 1397 316 1438 non
344 1378 442 1438 miuus
471 1379 550 1458 243,
580 1381 611 1438 et
637 1379 709 1438 illae
737 1380 858 1456 quidem
885 1382 1068 1457 amplissime

104 1477 258 1534 tractatae
286 1478 376 1551 atque
406 1475 645 1554 diligentissimis
674 1477 861 1538 sermonibus
889 1478 1069 1557 illustratae,

104 1565 330 1652 interierunt.*)

175 1669 454 1731 Inscribebatur
472 1671 549 1733 liber
565 1671 603 1731 ab
617 1671 661 1731 eis
676 1671 728 1748 qui
741 1672 857 1747 priores
871 1673 903 1732 in
915 1674 1069 1751 publicum

106 1767 268 1827 ediderunt
281 1768 371 1829 titulo
384 1767 562 1840 Quintiliani
576 1769 823 1830 declamationum
838 1771 988 1831 minorum
1003 1765 1069 1849 (ad-

105 1866 193 1926 iectis
215 1867 253 1926 ad
271 1883 380 1926 nomen
399 1865 530 1926 auctoris
548 1883 567 1925 a
586 1867 763 1942 quibusdam
782 1869 896 1930 verbis:
920 1888 996 1946 quae
1015 1889 1068 1946 pu-

106 1955 241 2045 tantur),
269 1967 304 2024 ut
331 1963 590 2040 distinguerentur
617 1965 732 2025 scilicet
759 1983 778 2025 a
803 1967 842 2026 19
872 1965 994 2027 illarum
1022 1985 1086 2046 co,

107 2062 222 2137 piosius
250 2063 451 2122 tractatarum
473 2061 565 2135 libro,
593 2061 645 2138 qui
668 2065 698 2122 et
720 2063 785 2138 ipse
808 2063 840 2123 in
862 2063 1013 2124 codicibus
1037 2067 1067 2125 et

105 2157 288 2218 editionibus
303 2151 481 2229 Quintiliani
498 2177 607 2218 nomen
620 2178 693 2235 prae
708 2179 740 2220 se
755 2159 822 2220 fert
851 2159 909 2220 Sed
922 2161 1014 2222 variis
1030 2161 1066 2221 de

103 2255 203 2315 causis
222 2274 283 2315 non
302 2256 375 2315 satis
395 2257 483 2332 aptus
501 2255 548 2316 hio
562 2257 669 2316 t'tulus
684 2256 836 2333 putandus
852 2262 908 2320 est.
930 2257 1065 2318 Primum

98 2353 186 2412 ‘enim
210 2355 333 2430 excepta
351 2354 481 2413 fortasse
500 2372 617 2413 summa
634 2372 694 2413 non
714 2357 786 2413 sunt
803 2355 901 2414 iustae
921 2355 1066 2414 declama

104 2449 218 2526 tiones,
241 2449 266 2510 si
290 2449 410 2526 quidem
433 2450 490 2510 hoc
511 2469 619 2510 nomen
642 2453 690 2510 est
712 2451 931 2511 controversiae
954 2452 1067 2511 schola-

176 2634 202 2704 *)
221 2635 392 2705 Fragmenta
414 2635 625 2705 deperditarum
643 2635 882 2690 declamationum
899 2635 952 2690 illa
969 2635 1065 2693 viden-

103 2709 151 2762 tur
170 2721 244 2774 esse,
263 2721 336 2775 quae
353 2706 504 2762 laudantur
522 2724 540 2762 a
557 2705 715 2776 Lactantio,
734 2707 789 2761 div.
810 2705 876 2761 inst.
890 2707 913 2777 1,
927 2711 961 2761 al
980 2707 1034 2764 vol.
1051 2715 1065 2762 1

103 2797 131 2848 p.
152 2783 186 2831 62
213 2776 368 2832 Fritnsche:
397 2777 504 2902 optime
531 2778 619 2849 igitur
646 2777 835 2844 Quintilianus
862 2778 893 2832 in
917 2777 1065 2834 Panatico:

105 2848 199 2916 ,istud
235 2847 342 2918 inquit,
366 2848 390 2904 si
432 2866 480 2904 eus
504 2865 537 2904 oo
560 2848 582 2902 't
604 2849 693 2904 iratus
718 2851 787 2903 est.“
824 2845 860 2916 V,
876 2853 890 2902 Ι
909 2847 946 2903 ib.
966 2866 994 2918 p.
1014 2855 1065 2904 241

104 2888 296 2983 Quintilianus
314 2962 320 2973 .
341 2961 348 2975 .
367 2920 396 2974 in
411 2919 512 2989 Capite
527 2937 542 2975 o
563 2919 675 2975 voluto:
694 2936 778 2988 „nam
794 2933 876 2986 quae,
894 2917 994 2986 inquit,
1012 2920 1067 2974 vir-

103 2991 151 3044 tus
170 2991 245 3046 esset
262 2989 438 3060 innocentia,
456 2989 512 3045 nisi
531 2991 643 3046 laudem
661 2991 763 3046 raritas
782 2989 941 3045 dedisset?“
970 2989 1016 3073 vl,
1031 2996 1065 3046 23

103 3059 142 3116 ib.
161 3061 248 3118 volt
268 3079 295 3131 p.
311 3067 346 3116 54
366 3061 600 3127 Quintilianus..
621 3062 731 3131 „homo,
749 3059 851 3129 inquit,
869 3075 960 3128 neque
979 3059 1066 3116 aheni

103 3131 278 3187 matrimonii
292 3132 437 3189 abstinens
451 3149 541 3202 nequa
559 3132 602 3188 sui
616 3133 737 3188 custos.“
765 3129 860 3186 Etiam
873 3131 1066 3200 Hieronymus,

103 3202 154 3272 qui
167 3201 230 3258 aliis
244 3203 314 3259 locis
327 3203 642 3270 Pseudo-Quintilianea
655 3203 774 3274 spectat,
792 3201 887 3257 nescio
902 3217 938 3257 an
953 3201 1066 3268 Quaest.

103 3274 190 3328 Hebr.
209 3273 240 3329 in
253 3274 354 3330 Genea.
369 3275 416 3345 III,
434 3281 490 3358 lp.
506 3279 557 3330 363
572 3273 647 3330 Vall.
666 3276 798 3343 loquatur
817 3272 852 3327 de
870 3271 966 3341 aliqua
979 3272 1067 3346 ipsius

104 3344 273 3412 Quintiliani
296 3347 494 3402 controversia.
514 3377 548 3386 -
568 3345 715 3416 Copiosius
740 3343 775 3398 de
798 3341 842 3398 hia
860 3343 943 3398 rebus
961 3344 1067 3399 tracta·

102 3419 166 3470 tum
179 3416 210 3470 in
223 3415 295 3472 libro
310 3433 373 3472 meo
388 3417 452 3487 „die
467 3416 624 3486 quintilian.
635 3415 878 3484 Declamationen,
892 3413 1029 3483 Freiburg
1037 3415 1067 3468 et

105 3487 253 3560 Ttbingen
274 3490 371 3560 1881“,
388 3506 416 3559 p.
432 3494 484 3543 209
499 3505 559 3557 sqq.
580 3489 609 3543 et
627 3492 679 3542 253
694 3503 754 3555 sqq.

871 3570 908 3627 a*
