2668 3968
384 171 704 230 Ducunnurlonns.
724 173 867 232 CCLXVI.
1064 174 1108 241 87

541 385 716 455 SERMO.

212 527 276 594 His
304 531 448 594 excussis
476 530 718 613 quaestionibus
747 531 913 597 veniemus
937 531 978 597 ad
1001 533 1107 617 aequi·

144 621 258 684 tatem.
299 616 452 683 Dicemus
475 618 538 684 hoo
563 640 633 684 esse
657 619 852 705 pronubis,
878 619 1022 687 dicemus
1045 621 1108 688 hoc

145 727 216 772 csse
239 727 299 792 pro
323 707 521 790 republica.

466 871 799 986 nnoun'unmo.
1128 938 1144 989 ⁵

216 1060 313 1146 Opto,
335 1064 374 1126 ut
397 1081 528 1126 cansam
551 1060 667 1126 iterum
692 1061 806 1127 dicam.
851 1083 911 1128 neo
934 1085 985 1128 me
1009 1063 1108 1148 fallit,

145 1150 834 1322 incunctancter
856 1151 1085 1308 ¹⁰³is⁰ii²⁰⁰l

143 1326 392 1393 conversatione
410 1331 520 1393 vestra
542 1331 683 1412 putaret,
706 1328 735 1394 si
754 1261 1106 1411 aliuffeogmemgnest

146 1437 204 1500 pro
233 1437 295 1481 mc.
340 1436 408 1480 non
435 1415 521 1480 enirn
548 1420 581 1480 et
609 1421 682 1482 turn
705 1415 778 1482 idco
801 1419 931 1481 tantum
954 1416 1104 1482 defensus
1126 1434 1160 1482 10

144 1525 228 1587 sum,
250 1507 288 1569 ut
306 1504 343 1567 in
360 1504 493 1570 civitate
511 1525 722 1587 remanerem,
745 1507 904 1570 atessam
923 1504 1105 1572 vobiscum:

144 1592 201 1658 scd
224 1596 263 1657 ut
284 1591 458 1677 probarem
486 1613 539 1658 me
560 1594 783 1675 innocentem,
810 1593 893 1658 nihil
917 1598 1032 1659 contra
1052 1617 1108 1679 pa-

143 1681 246 1747 triam
269 1702 376 1746 meam
400 1702 471 1746 esse
490 1681 654 1747 molitum.
692 1684 725 1745 et
746 1703 832 1748 nunc
854 1703 921 1748 non
944 1685 995 1748 est
1018 1685 1107 1766 satir,

145 1770 176 1835 si
204 1767 286 1834 mihi
313 1769 499 1855 ignovistis,
533 1770 638 1836 sime
666 1770 770 1835 civem
797 1775 944 1837 vestrum
973 1772 1107 1857 publica
1209 1810 1213 1816 ·

145 1859 324 1924 necessitas
346 1857 434 1923 fecit.
466 1878 526 1943 ego
550 1879 626 1923 roro
652 1858 1160 1945 simeritodamnatussum,1a

145 1947 176 2012 si
204 1946 281 2031 quid
312 1947 394 2031 tale,
426 1946 521 2030 quale
554 1950 668 2012 contra
694 1968 747 2012 me
773 1949 1019 2032 pronuntiatum
1049 1954 1108 2034 est,

148 2034 227 2100 feci:
251 2057 320 2102 non
340 2038 417 2101 utor
439 2036 503 2100 isto
526 2035 690 2102 beneficio.

211 2121 290 2189 Non
315 2125 359 2190 sit
385 2145 444 2207 pro
473 2145 540 2209 me,
572 2124 627 2190 sad
655 2128 707 2190 est
728 2146 787 2209 pro
811 2125 953 2192 civitate.
1004 2125 1108 2192 homi·

145 2211 223 2277 cidii
246 2212 433 2297 damnatus,
465 2212 593 2277 etiamsi
616 2214 734 2278 merito
759 2213 927 2297 exulabat,
959 2213 987 2280 si
1016 2235 1108 2279 revo-

146 2305 238 2366 catus
269 2303 332 2385 est,
362 2302 473 2385 potest
502 2300 542 2366 dc
572 2323 610 2366 eo
638 2301 715 2386 dici,
747 2302 850 2368 »satis
880 2301 969 2367 dedit
990 2318 1162 2386 poenam

146 2410 253 2475 rum«;
285 2389 353 2454 alia
379 2390 503 2455 scelera
529 2389 627 2455 linem
655 2390 888 2475 suppliciorum
912 2392 1108 2474 acceperint:

145 2500 204 2544 vos
245 2477 446 2562 proditorem
487 2477 522 2542 in
563 2478 694 2544 civitate
736 2479 850 2544 sinetis
891 2477 989 2543 esse?
1036 2501 1109 2545 cnm

146 2566 269 2632 totiens
292 2565 380 2632 bella
398 2567 617 2633 interveniant
636 2565 717 2653 (non
735 2565 808 2632 dico
828 2566 866 2631 de
884 2569 1030 2632 extremo
1048 2567 1108 2632 illo

147 2653 346 2721 discrimine:
382 2654 469 2720 tanti
495 2675 558 2721 aon
582 2657 632 2721 ast
654 2659 760 2722 metus
783 2653 1000 2739 cuiusquam),
1036 2657 1108 2720 toto

145 2743 255 2808 animo
280 2741 433 2810 advorsus
457 2743 586 2810 hostem
608 2743 685 2828 nisi,
712 2764 778 2809 non
801 2740 1005 2827 respicietis?
1041 2763 1108 2808 non
1126 2757 1161 2807 aa

147 2831 392 2915 expavescatis?
416 2836 467 2897 est
489 2853 549 2916 pro
573 2854 608 2898 re
630 2832 768 2917 publica.

216 2919 280 2986 Sed
298 2921 497 2987 accusatoris
516 2921 595 3007 quid
613 2921 772 2988 interest?
797 2924 854 2986 aut
873 2919 951 3005 quid
970 2922 1029 3001 est,
1052 2942 1110 2985 cur

219 3100 235 3149 7
254 3095 368 3164 praeter
386 3111 419 3150 ea
437 3096 480 3165 Pl
493 3094 564 3149 mihi
582 3111 632 3150 orn.
652 3096 824 3164 ⁰'ll10908l
841 3111 893 3164 pro
911 3109 956 3148 me
975 3097 1049 3148 6-8
1063 3093 1109 3148 lit-

142 3170 266 3220 moram
283 3165 404 3235 mamam
421 3181 539 3222 uacuam
556 3167 589 3219 ia
607 3171 624 3217 ⁰
643 3167 652 3234 ΙΙ
673 3171 704 3220 12
729 3167 762 3219 ut
779 3166 933 3235 approbem
951 3168 985 3232 B,
1005 3166 1038 3218 ut
1055 3181 1105 3233 ap·

145 3236 297 3305 probarem
316 3237 403 3305 0111ss
422 3250 479 3291 non
497 3236 650 3304 om.1’l}14
668 3235 693 3289 si
712 3237 816 3306 (prius)
836 3252 886 3291 om.
905 3236 949 3306 ΙΙΙ
965 3239 997 3290 15
1016 3251 1109 3290 necca-

145 3308 233 3362 sitate
251 3310 292 3359 Aa
304 3309 314 3378 ΙΙ
330 3311 362 3362 18
381 3308 426 3362 est
442 3310 523 3375 Alo,
543 3323 612 3362 corr.
627 3306 681 3361 Sola
694 3307 703 3375 [Ι
717 3307 766 3361 sed
784 3322 835 3376 pro
854 3306 965 3377 aiunl!
980 3311 1013 3360 21
1034 3322 1110 3362 scere

144 3381 187 3430 Aa
208 3379 218 3448 {l
241 3383 277 3432 24
294 3377 403 3433 tantine
423 3382 466 3432 est
484 3379 574 3433 metus
593 3376 743 3447 quisquam
762 3381 798 3445 Δ,
823 3375 897 3431 tanti
915 3376 988 3432 inest
1007 3393 1044 3432 m.
1064 3395 1110 3446 qu.

144 3451 179 3514 B,
198 3465 268 3505 corr.
287 3447 402 3518 1201125
421 3447 520 3504 advers
539 3453 570 3516 Δ,
590 3448 686 3504 adveri
705 3447 814 3516 eunici
831 3462 882 3502 om.
900 3451 944 3499 Bc
