2692 3960
243 133 310 198 274
609 130 838 198 QUINTIHANI

243 318 313 363 esse
335 293 530 361 Alexander.
574 294 676 378 adice,
708 294 795 378 quod
818 293 907 378 <dii>
939 292 1083 360 dedicari
1113 296 1206 362 velu-

242 387 346 452 erunt.
400 384 429 450 si
460 406 481 448 a
512 405 713 468 quocumque
747 381 943 468 uoluissent,
982 384 1206 468 occupandum

240 473 305 540 fuit
326 473 422 557 mihi,
449 494 523 538 oum
546 471 757 538 Atheniensis
786 471 858 536 sim.
902 474 1011 538 totum
1033 472 1119 538 euim
1142 495 1204 560 ego

241 563 327 628 huno
344 562 514 648 populum,
536 561 666 645 iudices,
688 564 769 646 puto
789 560 999 626 sacerdotem.
1030 561 1097 645 ,At
1117 563 1205 628 enim

206 653 289 718 esic
321 652 472 717 effectum
500 653 563 734 est,
589 653 627 715 ut
652 649 802 716 laborare
829 649 1016 733 pestilentia
1043 651 1205 718 exercitus

241 739 420 806 Alexandri
441 738 632 805 desineret.“
672 737 751 804 Non
773 737 855 823 dico,
878 737 1057 804 desiturum
1079 739 1205 825 alioqui
1334 773 1335 782 ¹

240 829 356 895 trisse:
377 827 543 914 periturus
563 828 608 892 sit
625 825 818 910 Alexander,
840 826 978 910 perituri
996 827 1063 892 sint
1080 828 1204 894 milites

240 939 367 984 omnes:
397 915 498 982 vultis
523 916 572 981 uti
598 916 662 981 hoe
688 914 851 1000 sacrilegii
877 915 1003 1000 publici
1024 915 1204 990 beneficio?

240 1006 364 1090 siquis
387 1005 481 1071 vobis
503 1004 590 1069 hane
611 1007 747 1088 poneret
773 1003 1005 1087 condicionem,
1026 1004 1205 1071 Athenien·

187 1112 222 1164 10
240 1116 302 1179 ses,
324 1098 362 1159 ut
384 1093 530 1158 omnium
547 1093 728 1178 potiremur
746 1093 903 1177 gentium,
927 1093 1047 1158 euersis
1067 1094 1204 1161 exustis·

239 1205 301 1269 que
316 1183 461 1265 templis:
482 1203 550 1248 non
566 1180 715 1266 profecto
734 1182 961 1266 acciperemus.
984 1181 1087 1266 pluris
1106 1182 1203 1249 nobis

236 1271 368 1356 pietas„
383 1271 489 1357 pluris
515 1271 611 1337 nobis
639 1271 764 1357 opinio,
794 1270 900 1355 pluris
930 1269 1104 1355 disciplina
1126 1271 1204 1338 ciri·

237 1361 317 1448 tatis
331 1360 456 1426 fuisset
489 1361 627 1427 moritur
639 1360 733 1426 miles
751 1358 943 1424 Alexandri:
966 1359 1023 1424 sed
1040 1360 1203 1444 templum

10 1405 11 1490 l
131 1503 135 1512 .
239 1450 308 1516 sine
330 1450 470 1535 numine,
493 1451 563 1516 sine
580 1450 751 1534 religione3
775 1448 832 1513 sed
850 1447 1009 1531 templum
1028 1448 1203 1514 adhuo‘est

186 1555 219 1606 15
237 1538 324 1604 inter
353 1538 515 1624 praesidia
544 1538 704 1622 hostium3
744 1535 801 1601 sed
841 1557 907 1601 non
948 1535 1081 1620 (ad>ire
1112 1537 1203 1620 mihi,
1334 1545 1335 1550 ’

237 1649 306 1693 non
327 1629 443 1712 colere,
463 1648 532 1692 non
551 1647 736 1713 agnoscere,
758 1646 825 1689 non
847 1644 945 1710 agere
968 1625 1092 1711 gratias
1116 1625 1202 1694 licet

237 1715 306 1782 Vos
329 1736 428 1801 porro
451 1736 508 1780 our
528 1715 635 1800 perire
653 1713 829 1778 exereitum
847 1711 1034 1798 Alexandri,
1058 1735 1113 1779 our
1130 1736 1202 1800 per-

238 1825 385 1870 severare
408 1805 508 1869 istam
530 1802 751 1887 pestilentiam
774 1801 898 1866 vultis?
931 1823 1047 1886 nempe
1069 1824 1112 1867 ne
1134 1803 1201 1868 bel·

236 1893 305 1959 lum
327 1892 488 1957 habeatis.
524 1890 654 1955 habetis
676 1910 799 1973 pacem.
836 1891 1029 1956 beneficium
1052 1891 1201 1978 dedistis;

183 1997 219 2046 ro
237 2003 277 2046 ex
298 1981 366 2066 illo,
389 2001 487 2065 quem
510 1978 739 2062 grauissimum
761 1978 891 2046 hostem
913 1979 1120 2065 timebamus,
1142 1979 1201 2045 ha·

236 2068 351 2135 bemus
373 2065 638 2154 potentissimum
661 2066 812 2134 amicum.

304 2156 378 2224 Sint
405 2177 483 2222 saue
510 2155 691 2242 pertinacia
720 2155 808 2223 odia:
832 2155 1020 2222 Alexander
1040 2177 1199 2242 responso

236 2245 451 2329 satisfecerat3
475 2242 563 2328 quod
585 2243 627 2310 ad
649 2245 757 2329 ipsum
779 2244 946 2330 pertinuit,
967 2245 1128 2330 templum
1149 2267 1200 2311 re·

235 2335 402 2417 stituerat;
438 2331 526 2417 quod
555 2331 595 2398 ad
628 2333 802 2399 secundam
834 2356 962 2419 quoque
994 2337 1123 2419 partem
1150 2356 1199 2400 re·

181 2439 216 2488 at
235 2421 347 2508 sponsi
383 2422 581 2506 pertinebat,
621 2421 744 2488 iecerat
785 2426 984 2506 potestatem
1020 2421 1200 2502 dedicandi,
1229 2478 1260 2492 ..,

233 2510 414 2578 mercedem
436 2511 621 2596 quantam]
645 2512 788 2576 maxima
810 2510 880 2575 dari
902 2512 1046 2595 poterat,
1068 2510 1119 2600 rei¹
1138 2530 1197 2592 pu-

233 2599 338 2667 blicae
366 2599 463 2666 dedit.
483 2603 582 2676 „tem
610 2599 751 2666 iniustos
781 2619 841 2664 vos
873 2596 1005 2662 creditis
1039 2596 1116 2661 deos
1148 2597 1198 2662 in·

233 2689 400 2772 mortales,
432 2694 469 2754 ut
499 2711 568 2754 non
597 2687 721 2754 fuerint
753 2685 939 2770 cogitaturi,
976 2684 1067 2749 euius
1101 2687 1198 2771 culpa

232 2777 391 2861 templum
417 2777 568 2843 vacaret?
608 2798 686 2841 nam
717 2771 769 2860 (ut
795 2771 877 2858 dixi)
911 2773 939 2837 si
971 2773 1197 2857 pestilentiam

179 2882 215 2932 ao
232 2866 320 2931 finiri
343 2865 389 2931 dii
411 2865 603 2933 inmortales
625 2862 814 2938 noluiisent
838 2864 896 2926 aut
917 2862 1047 2927 nullum
1064 2883 1197 2949 respon·

304 3053 1197 3136 1⁸¹<dii>ll2occupetumllltegooia.tutdesituex
1334 3077 1335 3108 r

231 3131 289 3187 alio
305 3129 356 3201 qui
372 3135 394 3184 B
412 3132 423 3198 l
441 3135 458 3184 8
477 3125 607 3182 saorffioli
623 3130 646 3181 Δ
664 3127 674 3195 ΙΙ
691 3123 829 3181 veneficio
846 3129 867 3178 B
885 3127 895 3196 ΙΙ
914 3132 947 3182 10
966 3127 1127 3195 poteremur
1145 3130 1195 3192 aa,

230 3203 370 3274 potiorem
386 3199 430 3268 Pl
445 3203 549 3253 11—12
587 3195 657 3252 luris
674 3215 701 3254 ra
720 3196 812 3268 pietas
831 3211 881 3251 om.
900 3194 1195 3270 Bss15(ad>ireltoll
1334 3217 1335 3226 ¹

232 3279 266 3330 18
287 3290 324 3328 us
347 3288 397 3327 om.
417 3275 438 3323 lt
465 3273 476 3341 ΙΙ
504 3275 537 3325 19
555 3269 571 3304 *
613 3268 722 3326 heretis
735 3272 786 3322 AB
813 3269 823 3337 fl
850 3272 885 3322 24
903 3283 1036 3337 responso
1055 3273 1095 3321 Δι
1121 3269 1132 3335 l
1158 3272 1194 3321 tt
1334 3283 1335 3296 ¹

230 3344 366 3468 qnarrtraltam
383 3341 504 3398 maxime
518 3345 578 3415 AB,
597 3357 667 3396 corr.
684 3339 740 3395 ocr
753 3341 763 3409 fl
776 3344 811 3394 28
829 3338 943 3394 fuerunt
961 3343 1002 3391 Aa
1014 3338 1025 3408 l
1039 3343 1073 3393 30
1091 3337 1121 3392 di
1139 3336 1195 3410 Atell

229 3431 275 3470 mo
333 3429 361 3467 es
379 3417 405 3465 Δ
