2692 3960
235 139 302 206 278
602 141 832 208 QUINTILIANI

324 304 476 370 instituto
503 305 664 371 bonorum
691 305 836 372 omnium
864 327 1005 392 paupere
1032 309 1067 372 et
1089 307 1200 394 elogio

323 394 399 459 teli:
426 397 539 480 apoto,
567 397 604 460 ut
630 394 713 461 hane
741 394 958 461 hereditatem
979 395 1135 462 restituas
1159 399 1201 484 ei,

324 482 377 548 oui
399 483 555 568 rogaris..
567 483 650 567 petit
669 505 689 548 a
710 505 851 569 paupere
873 505 955 549 uxor
972 483 1199 570 hereditatem,

323 575 493 657 tamquam
515 571 592 637 fidei
614 572 832 638 commissam.

198 869 215 918 s
627 853 803 922 SERMO.

162 993 164 997 ’
241 959 245 966 .
301 994 386 1071 Quid
412 994 572 1061 dicimus?
609 994 771 1080 quomodo
799 995 881 1062 haee
916 1018 998 1062 uxor
1034 1001 1068 1062 et
1102 997 1198 1064 heres

233 1082 296 1148 en't
323 1085 357 1147 et
383 1083 532 1149 adultera
558 1106 626 1150 non
657 1084 741 1151 erit?
787 1086 964 1170 quomodo,
991 1085 1020 1150 si
1048 1086 1197 1152 oonsoiue

231 1170 355 1238 nullius
378 1171 422 1238 fla
448 1172 497 1237 'tii
518 1171 583 1240 fuit
606 1173 756 1254 maritus,
778 1174 867 1239 illius
891 1174 1099 1259 potissimum
1122 1174 1199 1241 fidei

231 1259 313 1326 haee
340 1260 400 1326 her
440 1262 504 1328 itae
532 1260 687 1328 mandata
709 1261 782 1328 eat?
822 1263 1016 1329 invenienda
1038 1266 1089 1328 eet
1111 1263 1199 1328 enim

179 1363 213 1414 10
233 1349 344 1435 aliqua
374 1372 486 1435 eausa,
516 1355 651 1436 propter
683 1373 781 1436 quam
806 1351 902 1417 heres
916 1367 921 1378 ’
935 1352 988 1419 sit.
1036 1351 1195 1437 numquid

231 1438 286 1504 hio
317 1439 407 1506 dives
439 1440 524 1506 hano
555 1441 736 1525 speciosam
768 1439 953 1506 adamavit?
999 1437 1087 1526 (oum
1124 1441 1198 1525 ipsa

232 1527 325 1613 loqui
355 1527 439 1593 nihil
470 1550 569 1594 ausus
602 1534 667 1612 est,
698 1529 827 1596 loeutus
860 1534 911 1596 est
943 1548 1017 1594 oum
1042 1529 1131 1614 viro,
1154 1565 1197 1576 -

12 1643 47 1670 ·-
120 1677 124 1680 .
232 1619 266 1682 et
297 1616 374 1682 inde
404 1613 538 1702 opinio.)
588 1618 664 1682 dum
688 1621 814 1703 captat,
842 1617 920 1683 feeit
941 1616 1197 1684 testamentum?

232 1702 407 1790 Quaedam,
431 1705 562 1770 etiamsi
583 1705 729 1771 themate
750 1728 819 1772 non
841 1707 1057 1790 eontinentur,
1079 1708 1197 1772 natura

179 1795 344 1862 letamen
367 1794 440 1879 ipsa
464 1793 639 1860 manifesta
664 1797 749 1861 sunt.
771 1795 1090 1876 †matrimonium†
1110 1795 1198 1860 inter

231 1881 293 1948 hoe
310 1903 377 1948 non
395 1903 475 1968 esee,
494 1883 550 1967 qui
568 1883 710 1969 litigent,
735 1883 862 1949 videtur
879 1883 959 1948 mihi
977 1884 1048 1950 luoe
1067 1883 1198 1950 elarius.

230 1990 297 2035 non
320 1970 407 2036 enim
431 1991 492 2056 ego
515 1971 673 2058 intellego
696 1973 818 2055 'slitem
836 1971 911 2037 fidei
928 1972 1029 2038 taoite
1048 1973 1198 2038 sommis-

232 2059 330 2139 sam†
351 2060 416 2125 nisi
439 2061 577 2127 oonsoio.
623 2061 686 2128 hoo
713 2083 749 2126 eo
776 2061 931 2146 pertinet,
953 2082 995 2126 ne
1018 2062 1091 2146 quis
1114 2060 1197 2126 iudi-

231 2167 306 2213 oum
328 2147 519 2215 manifestas
543 2149 654 2235 exigat
676 2149 898 2234 probationes.
928 2171 995 2216 non
1018 2154 1069 2215 est
1087 2171 1196 2234 causa,

178 2250 213 2302 20
233 2258 316 2321 quae
340 2238 478 2322 resipiat
500 2241 630 2324 testem3
658 2260 725 2306 non
748 2240 799 2303 est
821 2259 928 2322 eausa,
950 2260 1034 2323 quae
1056 2238 1197 2323 recipiat

232 2325 528 2480 ffin⁸ig¹¹al⁵i⁰n⁰mt²
561 2330 744 2481 sldutdlhnur
770 2327 1002 2479 conlcimffi
1030 2327 1114 2410 eius,
1141 2325 1197 2410 qui

275 2436 437 2481 versamus
470 2437 529 2482 es.
712 2427 799 2500 'ergo
862 2436 900 2480 oo
931 2437 966 2479 m
1000 2435 1073 2478 eum
1113 2434 1195 2498 opus

233 2505 292 2588 est,
325 2506 363 2570 ut
389 2505 556 2570 inveniant
582 2505 768 2587 veritatem3
800 2524 882 2586 quae
909 2503 956 2566 ita
981 2501 1111 2565 demum
1138 2521 1196 2584 po·

231 2592 310 2658 terit
341 2614 412 2659 esse
448 2593 623 2659 manifesta
654 2593 690 2656 in
725 2591 832 2656 causis
864 2587 1043 2654 latentibus
1075 2591 1109 2653 et
1140 2611 1197 2654 na-

179 2682 307 2746 tuturo
329 2681 483 2764 conditis,
507 2681 536 2746 si
558 2680 641 2744 nihil
665 2676 924 2744 existimaverint
946 2676 1108 2762 exiguum,
1131 2699 1196 2762 quo

305 2921 465 2979 1omnium
483 2937 534 2978 orn.
552 2925 574 2975 B
594 2923 604 2992 ιι
625 2921 753 2992 elogio
772 2922 825 3048 Ap
844 2925 914 2976 1-3
933 2921 1068 2978 restituae
1086 2939 1110 2981 e.
1130 2940 1153 2980 o.
1173 2941 1195 2978 r.

231 3013 260 3066 p.
280 3010 305 3049 a.
324 3011 352 3065 p.
371 3011 398 3048 u.
416 2991 604 3048 hereditatem
623 3009 673 3049 om.
688 2996 732 3046 Bc
746 2995 787 3065 lss
825 2991 950 3062 ioemusi'?
969 2993 1027 3049 Aer
1039 2994 1079 3063 fl8
1097 2995 1196 3064 poten-

231 3065 374 3122 tissimum
391 3066 432 3117 a·
454 3065 464 3134 Ι
488 3069 520 3117 11
540 3080 617 3119 oum
635 3066 682 3136 Al
701 3071 734 3120 13
754 3063 834 3136 dum]
853 3081 917 3119 oum
934 3066 1027 3136 111115
1046 3065 1196 3121 manifesta
1333 3095 1334 3130 ;

232 3135 310 3210 aunt]
333 3135 517 3192 manifestans
544 3139 591 3189 Bo
617 3137 628 3206 ΙΙ
657 3141 770 3192 15-16
797 3140 955 3205 expectator
978 3135 1058 3190 *rem
1081 3136 1197 3191 dubiam
1333 3137 1334 3162 ¹

232 3207 307 3263 inter
328 3207 382 3264 hos
400 3224 458 3263 non
481 3208 569 3291 eseejl
594 3213 627 3263 16
645 3206 776 3262 videatur
793 3211 816 3258 Δ
842 3207 853 3275 fl
878 3205 960 3260 mihil
979 3210 1002 3257 Δ
1029 3206 1038 3274 ss
1067 3212 1100 3262 17
1120 3222 1196 3262 eom·
1333 3239 1334 3282 1

232 3281 349 3334 missam
367 3281 433 3347 ΑΒ,
462 3294 627 3333 commissae
648 3278 714 3346 Ohr,
741 3295 768 3332 n.
788 3294 812 3332 e.
831 3293 854 3331 e.
873 3277 892 3330 i.
910 3292 969 3331 rem
987 3273 1006 3330 f.
1026 3278 1047 3331 t.
1067 3277 1196 3333 commis·
1333 3315 1334 3324 .

234 3364 295 3403 sam
312 3348 382 3418 dola·
405 3367 444 3404 an
462 3348 565 3403 *litem
582 3347 666 3405 taoiti
683 3349 749 3403 fidei
768 3345 910 3403 commissi
928 3345 967 3417 (l)
984 3348 1042 3417 1111
1061 3347 1196 3404 iudicium
1333 3387 1334 3424 ,

233 3421 344 3490 Baltl
362 3420 413 3475 lat.
431 3435 466 3474 ex
484 3437 511 3477 a.
529 3421 622 3489 31125
641 3435 714 3487 quae
732 3420 773 3471 Aa
