2692 3960
227 147 293 213 332
593 147 824 213 QUINTILIANI

293 309 371 376 Non
395 315 446 376 est
468 311 510 376 lis
531 311 608 375 huic
630 310 759 376 mulieri
779 309 873 375 hodie
892 331 966 374 cum
983 307 1104 372 marito
1123 329 1193 374 suo.

227 420 333 483 neque
365 400 452 464 enim
484 399 640 464 iudicium
671 399 829 465 constitui
860 402 969 482 potest
995 397 1083 461 iuter
1110 418 1194 481 eum,

227 488 283 572 qui
311 487 409 570 cedit,
443 509 593 573 eamque,
624 510 706 572 quae
735 488 799 553 sibi
827 486 953 552 asserit.
1003 485 1193 552 adulescens

229 577 386 641 asseritur
403 599 423 641 a
441 598 593 662 paupere.
615 580 706 662 pater
723 576 774 641 illi
787 575 882 659 cedit,
899 577 1004 639 mater
1016 595 1083 640 non
1098 573 1193 639 cedit.

193 770 209 819 s
548 750 888 819 DECLAMATIO.

293 877 436 943 Etiamsi
467 878 509 942 lis
541 876 618 943 huic
646 877 786 961 mulieri,
819 876 873 940 cui
900 874 1028 958 adsum,
1058 875 1192 962 iudices,

228 969 313 1031 esset
337 969 451 1031 contra
473 987 650 1050 pauperem
668 967 778 1044 istum,
800 965 930 1029 infirmo
948 965 1022 1028 loco
1040 985 1116 1047 pars
1135 987 1192 1030 no-

228 1057 296 1118 stra
319 1058 353 1119 et
374 1054 505 1138 dignior
528 1053 648 1119 auxilio
671 1053 845 1137 videretur,
868 1052 945 1137 quia
963 1055 996 1116 et
1013 1074 1072 1136 per
1091 1075 1125 1118 se
1143 1055 1192 1118 in·

227 1142 347 1207 bacilla
369 1164 420 1207 res
444 1145 494 1207 est
516 1141 646 1226 femina,
669 1145 703 1207 et
724 1139 1034 1207 adfertinfirmitati
1050 1143 1194 1206 naturali

176 1248 208 1297 10
227 1252 293 1295 non
324 1231 396 1296 leve
429 1231 569 1315 pondus,
611 1230 697 1316 quod
728 1231 827 1296 vidua
863 1233 921 1294 est.
979 1228 1054 1294 huic
1094 1232 1192 1295 stiam

226 1320 394 1405 proprium
421 1320 505 1385 illud
537 1320 673 1404 accedit,
710 1320 795 1404 quod
825 1319 861 1384 in
895 1317 1192 1401 sol<lic>itudiuem

228 1430 384 1474 conversa
408 1413 497 1493 sunt,
526 1431 607 1494 quae
630 1409 794 1492 praesidia
817 1407 956 1472 fuerunt.
1002 1406 1082 1472 haec
1105 1408 1193 1472 enim

227 1499 374 1582 quamvis
407 1499 560 1562 maritum
592 1497 713 1562 habere
749 1497 885 1562 desisset
912 1499 1009 1579 atquc
1041 1498 1127 1562 esset
1155 1518 1193 1562 ea

229 1587 340 1668 domo,
362 1587 397 1650 in
420 1586 561 1670 qua<m>
583 1587 677 1671 virgo
701 1588 869 1670 nupserat,
896 1584 1006 1668 pulsa,
1033 1606 1100 1650 non
1123 1586 1194 1650 sine

176 1691 208 1740 15
229 1674 351 1738 auxilio
379 1680 491 1739 tamen
518 1674 621 1739 rideri
648 1679 790 1760 poterat,
823 1695 895 1739 cum
923 1672 1060 1737 haberet
1088 1674 1193 1738 filium

229 1762 388 1828 iuvenem.
430 1784 503 1827 cum
525 1785 603 1828 vcro
626 1762 690 1828 hoo
714 1765 822 1847 ipsum
846 1761 1022 1826 deducatur
1045 1761 1077 1825 in
1101 1763 1192 1828 litem

228 1855 260 1916 et
286 1850 348 1916 hoo
376 1855 523 1935 tempore
550 1852 636 1916 nihil
664 1852 762 1916 matri
785 1854 915 1936 praeter
937 1848 1190 1920 sollicitudiuem

228 1939 363 2024 adferat,
390 1941 502 2005 tamen
531 1939 594 2005 hoc
622 1941 791 2024 confiteor,
823 1960 890 2003 non
914 1960 986 2003 eam
1010 1959 1081 2003 oum
1109 1940 1194 2024 ipso,

228 2049 323 2112 quem
354 2050 393 2093 ex
417 2029 551 2096 diversis
575 2028 691 2095 ridetis
715 2028 891 2112 subselliis,
913 2027 1058 2112 litigare:
1091 2028 1193 2094 altior

174 2133 208 2182 20
228 2117 337 2200 gratia
360 2118 488 2201 premit.
523 2124 610 2183 esset
633 2119 751 2203 quippe
774 2117 855 2182 haec
877 2119 984 2180 mater
1005 2115 1040 2180 iu
1063 2116 1122 2181 lite
1143 2119 1193 2180 ut

227 2227 363 2292 cumque
390 2207 532 2290 felicior,
566 2207 594 2272 si
626 2207 764 2271 maritus
797 2207 866 2270 eius
899 2207 1072 2270 contentus
1106 2209 1194 2270 esset

226 2293 296 2359 filio
320 2296 470 2360 cessisse:
498 2317 584 2360 nunc
608 2294 725 2360 adiecit
746 2295 935 2360 testimonio
960 2292 1191 2358 auctoritatem

227 2385 260 2447 et
281 2382 539 2448 infelicissimam
565 2385 740 2467 nutricem,
767 2405 866 2469 quam
892 2381 945 2460 bis
968 2380 1079 2467 torsit,
1114 2383 1191 2466 quia

226 2492 339 2537 verum
363 2472 500 2555 dicebat,
523 2472 695 2537 adversum
717 2493 777 2537 nos
801 2471 926 2536 mentri
949 2470 1065 2555 coligit.
1101 2471 1193 2536 cuius

174 2575 208 2624 25
228 2559 257 2624 si
288 2582 346 2626 vos
370 2561 562 2645 auctoritas,
596 2561 732 2646 iudices,
763 2563 887 2644 movet,
918 2559 999 2622 illud
1028 2580 1129 2623 unum
1156 2559 1192 2625 in

227 2649 335 2733 prima
362 2653 455 2733 parte
483 2671 599 2716 causae
628 2650 748 2714 dixisse
772 2652 942 2717 contentus
967 2669 1052 2732 sum,
1079 2668 1193 2712 vocem

227 2737 296 2801 eius
324 2738 365 2802 ab
394 2742 530 2821 utraque
560 2740 653 2821 parte
676 2738 817 2803 recitari.
863 2735 950 2822 quod
978 2736 1007 2800 si
1033 2735 1193 2801 vindicari

227 2825 330 2889 filium
362 2825 491 2910 mallet,
515 2827 594 2891 satis
623 2848 696 2892 eum
720 2828 772 2891 vel
795 2827 867 2890 sola
890 2823 1051 2908 expositio
1075 2846 1193 2889 causae

226 2917 380 2980 tueretur.

300 3077 314 3124 1
335 3073 378 3125 est
395 3069 442 3126 lex
459 3069 526 3126 huic
544 3076 584 3125 Aa
607 3072 616 3142 ΙΙ
639 3077 655 3123 3
680 3070 787 3126 adserit
804 3075 844 3123 Ab
867 3070 876 3138 ΙΙ
899 3075 916 3124 4
935 3067 1083 3138 *paupere
1102 3071 1192 3139 patre.

225 3140 275 3197 ille
294 3146 346 3194 ΔΒ
362 3145 401 3210 116
421 3141 532 3197 etiamsi
544 3143 591 3197 lex
605 3143 671 3197 huic
690 3146 738 3209 Aa,
758 3141 869 3196 etiamsi
888 3138 954 3194 huic
971 3143 1001 3206 B,
1021 3139 1107 3194 otiam
1126 3139 1192 3194 huic

226 3213 386 3282 Pssassumi
404 3217 425 3264 B
444 3215 453 3284 11
474 3220 490 3268 9
509 3211 602 3268 adfret
620 3218 661 3266 Aa
682 3216 693 3283 ΙΙ
718 3220 749 3266 11
769 3209 1029 3284 sol<lic>itudinem
1048 3209 1103 3266 Scis
1124 3213 1134 3280 11
1158 3216 1191 3265 13

226 3281 351 3338 dedisset
368 3289 392 3336 Δ
410 3285 419 3352 ss
435 3291 468 3338 14
487 3282 614 3357 qua<m>
633 3285 674 3338 Gr
687 3286 697 3354 ΙΙ
711 3289 745 3338 20
764 3282 869 3353 gratia]
900 3297 966 3335 cura
993 3279 1189 3352 1101Ιὲ211-

225 3351 380 3475 ritatemtB
394 3356 403 3423 ΙΙ
418 3361 452 3408 24
470 3355 544 3410 mori
561 3359 625 3421 AB,
645 3371 714 3409 corr.
733 3353 778 3408 Ro
791 3353 801 3422 11
814 3355 849 3407 2¹5
868 3369 919 3408 nos
936 3356 960 3403 Δ
973 3353 982 3420 ll
996 3351 1097 3406 iudicis
1115 3353 1191 3421 nl

228 3427 262 3476 29
282 3438 347 3477 vere
361 3441 394 3476 ur
410 3428 452 3476 Aa
