2670 3962
412 155 731 213 DECLAMATIONES.
750 154 890 213 cccxvi
1066 156 1132 222 243

551 369 740 460 ,cccxvu

428 512 537 580 Flens
560 512 746 581 luxuriosi
768 512 883 598 pater.

167 639 265 706 Flcns
288 640 380 726 pater
400 659 459 724 per
482 638 648 723 publicum
670 637 775 705 filium
798 638 999 708 luxuriosum
1023 662 1133 726 seque·

257 728 362 796 batur.
400 727 581 793 dementiae
604 749 678 793 reus
703 731 762 795 est.

561 903 735 971 SERMO.
1151 921 1167 972 a

232 1029 306 1097 Hoc
343 1051 444 1118 genus
478 1030 770 1095 controversiarum
802 1051 905 1115 paene
938 1029 1130 1098 divisionem

166 1142 233 1187 non
261 1119 372 1205 exigit.
421 1119 481 1184 illa
508 1118 689 1184 communis
717 1118 785 1184 fere
813 1119 962 1186 omnibus
992 1141 1031 1185 ex
1059 1122 1132 1207 lege

167 1209 349 1277 dementiae
384 1207 599 1293 pendentibus
633 1208 860 1274 controversiis
894 1209 1040 1294 quaestio
1074 1213 1132 1295 est,

167 1297 244 1385 quid
268 1295 433 1362 dementia
456 1295 521 1362 sit?
544 1298 577 1362 et
600 1318 643 1361 an
665 1295 745 1362 haee
768 1296 930 1364 dementia
950 1297 1017 1364 sit?
1040 1299 1074 1364 in
1093 1320 1131 1364 eo

168 1386 281 1473 qu0[d]
302 1385 495 1472 quaerimus,
519 1384 596 1471 quid
616 1384 660 1450 sit
678 1384 849 1470 dementia,
873 1389 906 1451 et
927 1385 1132 1452 finitionibus
1153 1403 1186 1452 ιο

167 1475 331 1559 utrimque
359 1475 477 1561 positis
503 1478 536 1540 et
560 1474 649 1540 omni
672 1477 816 1541 tractatu
837 1474 922 1541 hanc
947 1477 1132 1543 controver-

167 1565 250 1630 siam
274 1563 463 1646 dividemus,
493 1567 530 1628 ut
554 1567 741 1647 quaeratur:
769 1566 879 1629 utrum
907 1561 1072 1630 dementia
1095 1585 1134 1630 ea

168 1653 298 1719 demum
317 1651 422 1737 accipi
442 1651 567 1738 debeat,
587 1673 669 1739 quae
686 1651 808 1718 habeat
827 1651 995 1739 aequalem
1014 1653 1132 1720 mentis

168 1763 323 1826 errorem,
346 1762 390 1806 an
417 1739 517 1805 etiam
548 1761 587 1806 ex
610 1741 746 1828 singulis
774 1741 826 1807 vel
850 1741 963 1827 paucis
986 1741 1133 1829 intellegi

166 1830 296 1916 possit?
327 1828 417 1896 Haec
436 1850 534 1914 saepe
551 1832 694 1897 tractata
714 1834 802 1896 sunt:
826 1831 866 1898 ad
886 1831 1008 1896 crimen
1025 1832 1132 1916 ipsum
1152 1845 1185 1897 15

166 1921 344 1986 veniamus.
374 1918 529 2006 intellego
550 1921 583 1984 et
600 1918 765 2004 indignari
783 1941 878 2006 posse
892 1919 978 1987 hunc
996 1923 1133 2007 putrem,

161 2006 254 2095 'quod
276 2029 351 2073 reue
374 2007 555 2074 dementiae
575 2029 594 2072 a
612 2007 779 2076 luxurioso
798 2009 866 2093 fiat,
890 2013 1015 2074 etcum
1029 2010 1134 2076 multa

168 2097 312 2184 graviter
339 2099 372 2163 et
400 2116 514 2182 aspere
544 2095 652 2163 dicere
679 2101 794 2164 centra
820 2097 923 2164 filium
946 2120 1056 2183 posse:
1084 2119 1132 2162 re·

168 2186 246 2272 cipit
269 2184 446 2251 adversarii
472 2206 625 2270 persensu
650 2185 707 2251 sed
730 2186 905 2271 videamus,
928 2209 970 2252 an
996 2187 1134 2271 recipiet

168 2278 291 2340 nostra
320 2295 397 2340 nam
412 2275 495 2340 sicut
508 2273 608 2360 paulo
623 2277 699 2340 ante
712 2275 952 2360 praecipiebam
971 2275 1075 2361 vebia,
1096 2277 1134 2341 ut
1152 2291 1187 2340 20

167 2383 341 2448 personam
376 2361 585 2428 intuersmini
629 2363 711 2447 eius,
752 2363 840 2449 apud
872 2385 965 2449 quem
998 2363 1133 2431 dicenda

170 2456 256 2520 esset
276 2451 450 2518 sententia:
474 2452 521 2518 sic
535 2473 619 2518 nunc
639 2472 765 2537 quoque
789 2452 981 2518 admoneam
1002 2474 1133 2519 neeesse

168 2545 230 2621 est,
249 2545 287 2607 ut
309 2541 494 2606 intueamur
517 2560 701 2625 personam,
724 2561 822 2626 quam
844 2541 941 2607 nobis
960 2540 1134 2609 induimus.

167 2633 262 2714 pater
284 2628 339 2695 hie
363 2629 468 2715 qualis
484 2628 556 2695 est?
578 2651 644 2695 nou
668 2649 753 2694 acer:
777 2629 978 2695 luxuriosum
997 2649 1063 2695 non
1077 2629 1133 2695 ab·

168 2718 297 2803 dicavit,
319 2740 386 2784 nou
409 2719 609 2785 conviciatus
629 2721 693 2803 est;
721 2718 820 2784 etiam
843 2740 917 2785 cum
937 2718 1060 2804 aliquid
1079 2717 1132 2784 ad·
1152 2733 1186 2785 25

168 2805 322 2873 monendi
345 2807 453 2894 gratia
475 2806 610 2888 faceret,
638 2810 743 2874 tacuit
764 2811 883 2873 tamen
928 2830 995 2874 non
1017 2807 1131 2874 durus:

169 2895 259 2961 flevit
286 2896 382 2962 enim.
427 2896 582 2982 quidquid
608 2901 722 2963 contra
754 2898 896 2964 colorem
925 2897 1004 2964 talis
1033 2897 1134 2962 animi

170 2983 358 3070 dixerimus,
390 2984 531 3071 quodam
563 2985 659 3052 modo
691 2989 805 3053 contra
835 2985 949 3052 thema
980 2985 1134 3052 dicemus.

170 3074 341 3140 consilium
368 3073 477 3159 itaque
502 3074 606 3140 totius
635 3075 771 3141 actionis
801 3096 840 3139 ex
866 3075 919 3140 his
943 3095 1058 3159 capere
1081 3073 1133 3138 de·

241 3236 275 3286 10
295 3235 409 3300 quadr,
429 3235 564 3300 queant,
584 3229 659 3300 quod
672 3233 702 3300 Β,
721 3246 790 3286 corr.
805 3230 849 3287 Re
862 3237 887 3288 ct
900 3230 941 3286 Re·
953 3231 963 3301 ΙΙ
978 3236 1009 3285 11
1026 3233 1132 3286 utrum-

168 3317 222 3371 que
241 3305 282 3356 a·
299 3303 310 3372 ΙΙ
329 3307 361 3356 12
382 3301 477 3357 divide
496 3306 516 3355 B
529 3304 539 3373 Ι]
554 3307 586 3357 13
606 3317 677 3373 quae
698 3301 792 3357 ualem
810 3305 850 3354 Aa
863 3303 873 3374 ΙΙ
892 3307 925 3356 17
944 3319 1000 3371 quo
1018 3319 1081 3357 reus
1100 3306 1131 3372 A,

168 3389 224 3442 quo
248 3375 278 3428 et
302 3372 361 3427 eius
380 3377 400 3426 B
418 3375 429 3443 ΙΙ
448 3379 480 3430 18
505 3376 583 3430 aetas
607 3318 769 3444 praedicere
787 3378 808 3427 B
826 3373 836 3444 ss
856 3378 889 3429 19
907 3372 1052 3430 adversari
1069 3389 1131 3444 per·

170 3459 256 3499 sonae
276 3446 368 3516 line
389 3443 549 3500 duxerimus
568 3449 607 3498 Ba

918 3534 972 3607 ια*
