2670 3962
332 173 647 231 DECLAMATIONES.
667 173 859 232 CCLXXXIX.
1012 176 1074 242 157

181 337 370 423 Quaeritur,
400 338 516 423 qui<s>
542 338 585 404 sit
612 359 710 404 eausa
737 337 862 406 mortis.
908 343 1076 406 aecusator

113 427 206 494 dicit:
239 449 298 513 per
326 449 423 512 quem
450 427 573 494 factum
599 428 656 511 sit,
681 430 717 494 ut
741 426 859 511 aliquis
882 432 1077 512 moreretur3

113 517 254 602 siquis,
283 516 371 602 quod
393 518 511 582 natura
534 515 741 582 mortiferum
765 515 818 599 sit
841 515 995 584 adversus
1021 517 1077 584 ali·

114 626 212 692 quem
236 606 358 673 feeerit.
389 625 472 690 quae
496 605 526 670 si
548 605 710 690 sequenda
733 603 878 670 definitio
903 610 962 688 est,
986 626 1076 672 aecu-

113 695 241 762 sabitur
263 697 297 761 et
319 694 390 778 ille,
413 693 468 779 qui
491 694 588 759 alicui
611 693 749 759 suaserit
771 691 1078 780 peregrinationem,
1097 711 1113 760 a

113 783 188 867 <ai>
197 783 311 849 deinde
334 783 362 848 is
386 788 443 848 aut
460 782 631 867 naufragio
649 783 791 868 perierit,
814 787 871 848 aut
889 783 1077 867 latrocini03

113 873 179 957 ipsi
201 872 369 938 convietus
391 871 649 956 infamabuntur,
674 869 852 957 exquibus
877 872 1020 938 eruditas
1045 876 1078 938 et

112 961 275 1027 interitus.
296 961 381 1027 nihil
400 960 503 1046 igitur
522 961 575 1026 hio
597 961 719 1028 factum
739 964 798 1043 est,
821 961 907 1045 quod
925 961 1075 1028 omnibus

113 1049 330 1116 mortiferum.
368 1071 444 1116 nam
469 1049 552 1115 siout
574 1050 676 1115 telum
700 1049 850 1114 omnibus
874 1051 1078 1116 mortiferum

113 1141 178 1223 est,
201 1137 250 1204 ita
273 1161 371 1206 eausa
392 1139 508 1204 mortis
532 1129 596 1222 est,
621 1159 703 1223 quae
726 1138 844 1205 oceidit
862 1161 983 1205 omnes.
1025 1139 1076 1205 de·
1098 1155 1131 1204 10

115 1227 212 1294 trahe
224 1228 302 1300 huia
317 1249 475 1294 amorem:
489 1227 573 1293 nihil
587 1228 658 1312 erit,
672 1227 901 1313 propterquod
910 1228 1078 1295 moriatur.

182 1315 268 1383 Volo
300 1320 410 1383 tamen
442 1339 573 1384 oausam
604 1316 710 1382 faeere
741 1315 964 1383 difficiliorem.
1012 1339 1078 1383 non

115 1405 303 1490 deposuerit
326 1405 411 1490 apud
433 1427 486 1471 me
508 1405 624 1490 filiam,
651 1405 735 1470 nihil
756 1407 968 1490 praeceperit:
996 1407 1079 1471 tam-

117 1516 214 1578 quam
238 1495 355 1560 melior
378 1495 500 1562 amicus
524 1494 694 1561 defendere
715 1493 826 1578 filiam,
849 1494 884 1559 in
903 1516 967 1579 qua
984 1498 1079 1578 pater

116 1582 256 1668 furebat,
278 1584 376 1650 volui.
408 1605 475 1648 non
499 1582 586 1649 enim
610 1604 700 1648 amor
722 1586 801 1666 erat,
824 1583 880 1667 qui
899 1583 945 1649 sio
964 1582 1078 1648 stimu·
1099 1597 1131 1647 15

118 1670 220 1738 labat.
266 1671 398 1755 abduxi,
429 1671 597 1739 custodivi.
642 1693 750 1737 nonne
772 1673 914 1756 resipere
936 1693 1003 1737 non
1025 1671 1078 1736 de·

95 1759 202 1846 buit,
234 1761 290 1847 qui
317 1761 428 1846 periit,
458 1759 544 1847 quod
576 1782 644 1825 non
670 1760 815 1845 recepit?
847 1781 914 1826 non
945 1759 1078 1826 reddidi.

118 1849 264 1915 duxisset
282 1851 316 1915 in
335 1851 395 1932 ius,
413 1871 471 1934 per
489 1849 628 1915 iudicem
649 1853 788 1933 peteret:
810 1848 872 1932 hoe
892 1849 921 1914 si
938 1848 1078 1932 fecisset,

119 1959 192 2005 mea
215 1939 288 2004 laus
311 1943 390 2004 erat
436 1937 500 2004 Sed
528 1937 668 2004 libenter
699 1938 788 2004 cedo:
816 1938 886 2022 ipse
909 1937 988 2002 feeit
1009 1958 1079 2002 rem

120 2026 353 2112 admirabilem,
371 2027 458 2110 feeit,
476 2031 514 2093 ut
531 2027 567 2092 in
585 2026 713 2092 laudem
731 2029 873 2092 verteret
884 2026 948 2093 hoo
961 2027 1078 2110 ipsum,
1098 2040 1131 2090 2ο

117 2114 204 2202 quod
222 2117 363 2201 turpiter
382 2116 524 2182 amabat.
559 2137 654 2200 quem
673 2118 743 2182 tum
763 2114 849 2180 enim
868 2114 917 2178 illi
935 2115 1078 2180 animum

118 2204 219 2270 fluisse
257 2205 393 2290 putatis,
429 2225 501 2270 oum
529 2204 563 2269 in
596 2204 653 2269 illo
685 2203 795 2270 furore
826 2203 933 2268 tenuit
967 2205 1079 2268 tamen

117 2293 279 2360 adfectum
302 2293 455 2379 patrum?
491 2292 643 2377 perduxit
671 2292 712 2358 ad
740 2293 893 2374 amicum,
923 2291 1079 2376 deposuit.

117 2381 184 2466 „At
207 2383 292 2447 enim
315 2383 432 2467 petivit
453 2381 595 2467 postea“
631 2379 664 2446 Si
689 2381 833 2446 animum
856 2380 1079 2446 illiusmetiri

117 2470 267 2555 velimus,
294 2471 537 2557 intellegemus,
569 2491 636 2535 non
663 2469 764 2534 fuisse
792 2470 982 2554 petiturum,
1014 2469 1079 2533 nisi
1097 2483 1131 2533 25

115 2559 202 2644 quod
230 2559 355 2626 sciebat
384 2580 436 2625 me
467 2558 575 2642 <n0n>
608 2557 817 2622 redditurum.
868 2560 997 2622 seoutus
1029 2560 1080 2622 est

114 2649 208 2713 illum
234 2650 393 2733 impetum
421 2648 522 2712 animi
545 2647 603 2712 sui.
649 2649 702 2732 „at
725 2645 812 2712 enim
835 2644 959 2731 petiit“
988 2643 1077 2710 adice

115 2741 285 2820 praeterea
309 2757 501 2822 susurrem,
529 2741 562 2802 et
585 2758 652 2802 non
676 2739 858 2819 acceperat:
882 2734 938 2800 sed
961 2755 1002 2799 ne
1024 2756 1078 2818 pe·

115 2829 210 2911 teret,
233 2826 437 2910 deposuerat.

188 2935 202 2983 1
223 2928 273 2998 qui
290 2934 322 2998 A,
341 2929 408 2998 quid
426 2933 456 2996 B,
475 2946 545 2985 corr.
564 2930 621 2984 Aer
634 2931 674 3000 113
692 2926 792 2982 mortis
810 2927 901 2982 ferum
918 2932 942 2979 A
955 2928 995 2996 16
1014 2925 1080 3000 (si)

114 2999 160 3056 Ro
173 3002 213 3070 117
233 3003 301 3056 oofi
318 3004 341 3052 A
359 3001 369 3070 11
387 2999 536 3056 coniuncto
554 3004 574 3051 2
589 3000 598 3070 11
613 3017 649 3056 or.
670 3001 713 3056 set
731 2998 782 3053 int.
800 3003 841 3051 Aa
858 2999 868 3067 1
888 3003 921 3052 13
940 3015 958 3053 a
976 3002 1024 3064 Aa,
1043 2998 1080 3052 ad.

115 3072 161 3143 31
180 3076 213 3126 15
232 3070 361 3128 fuerebat
378 3076 418 3126 Aa
431 3073 441 3144 11
457 3077 489 3126 1⁷
507 3070 588 3127 reddi
606 3075 646 3124 Aa
663 3071 673 3141 11
688 3075 721 3126 18
741 3068 856 3124 dixisset
873 3069 955 3128 unius
974 3070 1079 3140 21196·

115 3143 175 3197 tere
194 3143 239 3214 ³l
253 3142 277 3197 si
294 3159 345 3198 om.
364 3147 404 3197 Aa
417 3144 427 3214 11
440 3148 475 3197 20
494 3141 524 3197 in
542 3158 592 3198 om.
611 3146 635 3193 A
659 3143 714 3212 121
734 3140 809 3194 enim
827 3155 878 3196 om.
898 3144 918 3191 B
936 3140 946 3208 1
963 3137 1016 3192 illu
1033 3143 1057 3190 A
1070 3137 1080 3210 11

116 3219 150 3268 22
169 3215 253 3283 putas
266 3217 307 3267 Aa
320 3215 330 3284 1
343 3219 377 3269 23
392 3214 487 3284 posuit
499 3212 603 3284 petivit
615 3217 636 3264 a
650 3211 654 3282 1
673 3217 708 3266 24
721 3210 762 3266 ill.
773 3213 872 3280 postea
884 3209 1008 3265 metiris
1022 3210 1032 3280 l
1046 3213 1079 3264 22

115 3302 142 3338 n.
161 3283 181 3341 f.
201 3283 393 3354 depositurum
410 3285 454 3341 Ro
468 3287 477 3356 11
491 3290 526 3340 26
544 3282 642 3358 (non)
660 3284 719 3338 edd.
734 3281 743 3352 11
757 3287 790 3338 at
809 3279 916 3351 prodiit
933 3279 991 3350 Ab,
1011 3295 1079 3337 corr.

115 3360 190 3410 aare.
209 3357 303 3412 insert.
323 3373 368 3426 ap.
388 3357 468 3426 Aeon
486 3361 521 3410 28
539 3372 588 3425 pre
608 3357 702 3410 oetera
718 3358 753 3421 A¹
794 3369 825 3408 ro
844 3354 939 3424 cetera
955 3355 991 3420 B,
1010 3367 1078 3408 corr.

114 3427 174 3482 Aer
200 3428 210 3497 l
238 3426 388 3482 sanitatem
406 3431 441 3498 A,
466 3427 588 3482 sanitate
611 3431 644 3494 2,
673 3441 743 3482 corr.
790 3439 814 3480 ο.
843 3441 881 3479 aa
900 3427 916 3461 *
935 3422 1014 3478 adioa
1038 3439 1080 3492 pr.

115 3497 250 3553 restituta
268 3499 389 3554 sanitate
408 3500 437 3554 et
454 3514 512 3554 non
530 3495 669 3569 aooeperit
687 3498 746 3567 (aee.
757 3495 824 3566 Aer)
834 3493 873 3565 (2)
887 3496 897 3565 11
911 3511 967 3550 non
980 3498 1081 3551 ouaAa
