2682 3956
376 95 693 154 DECLAMATIONES.
712 96 860 153 ooonxv.
1028 97 1093 164 397
1144 69 1148 72 ’

519 307 712 378 CCCLXV.

395 453 448 520 lle
469 455 507 522 vi
529 454 665 538 septem
687 450 837 522 sunem.

138 599 191 666 Du
215 617 252 666 vr
276 615 411 666 ssennn
434 614 612 664 1un1cnnu.
648 613 744 676 ouon
768 611 1097 663 us10snsns1uu1·

228 705 301 754 oon
329 704 536 771 sennonem,
562 702 651 752 suus
678 701 862 753 nsumnun.
903 683 978 750 Duo
1006 683 1097 770 igno-

228 777 363 843 miniam
386 777 579 859 statuerunt,
605 773 668 839 duo
693 774 835 857 exilium,
858 777 926 840 tres
949 777 1132 841 mortemo

227 865 348 951 petitur
370 863 411 929 ad
434 867 582 932 mortem.

444 1058 787 1127 Dnounnnnlo

206 1200 336 1278 >Quod
359 1201 484 1266 maior
500 1223 604 1285 pars,
627 1201 742 1287 inquit,
765 1200 933 1267 iudicum
953 1204 1098 1268 statue·

145 1292 228 1356 rit«
272 1289 344 1375 Ego
367 1289 516 1354 existimo
541 1289 698 1353 maiorem
720 1293 849 1373 partem
872 1310 955 1372 esse,
978 1290 1013 1353 in
1035 1313 1100 1374 qua

140 1380 250 1464 plures
274 1377 361 1443 idem
383 1377 538 1461 sentiunt,
561 1377 695 1444 eandem
718 1399 858 1462 poenam
875 1377 1100 1463 pronuntiant,
1119 1389 1154 1441 10

141 1467 176 1533 in
208 1466 320 1532 eadem
351 1466 450 1531 verba
479 1465 596 1532 iurant
647 1468 680 1531 et
706 1465 768 1531 hoc
800 1487 912 1532 verum
942 1487 1026 1551 esse,
1058 1468 1100 1532 ab

142 1555 224 1641 ipsis
252 1555 360 1620 verbis
388 1555 472 1639 legis
499 1553 598 1638 disce,
629 1575 766 1639 aquam
799 1575 991 1639 poenam«.
1035 1576 1101 1620 non

141 1644 181 1710 de
204 1644 351 1729 pluribus
375 1642 553 1728 suppliciis,
577 1643 632 1708 sed
651 1643 691 1706 de
709 1666 774 1709 uno
793 1642 944 1729 loquitur.
980 1643 1102 1708 etenim

141 1755 239 1798 nemo
274 1736 385 1819 potest
420 1732 517 1816 plura
553 1731 714 1816 supplicia
745 1754 828 1798 unus
857 1754 976 1798 nocens
1008 1732 1101 1797 ferre.

144 1824 288 1888 scrutare
308 1825 341 1886 et
359 1819 425 1885 elia
442 1820 550 1886 verbe.
581 1820 826 1904 »statuerit«,
848 1820 961 1906 inquit
994 1842 1101 1886 nonne
1121 1833 1155 1884 1⁶

144 1911 206 1975 tibi
239 1910 468 1976 consentientis
496 1931 554 1994 per
581 1911 691 1974 omnia
718 1911 821 1993 pertis
854 1908 942 1975 illius
975 1910 1103 1976 videtur

145 2021 244 2064 unam
267 2021 380 2064 vocem
402 1997 588 2063 includere?
617 2019 738 2084 >quem
760 2020 899 2082 poenam
923 1998 1103 2082 statuerit«,

146 2086 180 2150 id
209 2091 271 2167 est,
299 2085 385 2170 quod
413 2108 514 2173 genus
542 2086 694 2172 supplicii
723 2087 851 2171 placere
876 2087 939 2151 sibi
960 2109 1102 2172 pronun·

146 2174 287 2257 tisverit,
311 2197 374 2259 qua
396 2196 501 2259 poena
523 2177 693 2239 nocentem
717 2174 812 2240 adlici
833 2175 982 2240 voluerit

212 2260 293 2346 „Sed
325 2265 492 2347 quattuor,
523 2262 643 2347 inquit,
682 2262 803 2327 iudices
838 2284 891 2327 me
927 2263 1104 2329 noluerunt
1122 2276 1156 2327 20

146 2349 257 2416 mori.“
287 2350 336 2414 Tu
359 2371 445 2415 nunc
467 2349 601 2432 indicas,
623 2373 722 2434 quam
743 2372 884 2435 poenam
904 2352 1105 2435 transierint,

146 2462 212 2506 non
246 2460 343 2524 quam
375 2438 563 2503 statuerint:
594 2440 647 2503 lex
681 2441 789 2503 autem
821 2444 943 2504 certem
972 2441 1104 2506 illorum

149 2528 347 2595 sententiam
370 2527 479 2611 exigit
512 2526 587 2612 quid
607 2527 693 2592 enim
719 2527 808 2592 aliud
827 2527 958 2611 diceres,
981 2528 1009 2592 si
1026 2550 1105 2593 non·

149 2616 225 2682 dum
252 2615 542 2701 pronuntiassent?
579 2614 607 2680 si
634 2619 811 2702 negassent
832 2616 956 2702 liquere
980 2616 1044 2682 sibi
1067 2616 1105 2681 de

149 2705 307 2789 supplicio
335 2703 414 2770 tuo?
453 2703 610 2790 numquid
638 2705 816 2770 sententias
839 2704 970 2770 illorum
993 2726 1105 2771 nume·
1124 2717 1158 2768 25

149 2792 261 2858 rores?
298 2793 439 2858 minime.
483 2793 600 2858 horum
624 2794 711 2857 enim
733 2795 830 2858 trium
853 2793 919 2858 iam
941 2794 1042 2859 verba
1064 2794 1105 2859 si-

150 2881 260 2967 gnavi:
292 2880 423 2945 illorum
456 2885 610 2966 quattuor
642 2903 723 2967 quae
756 2881 917 2968 signabo?
957 2883 1107 2948 dubitare

216 3096 232 3146 2
251 3089 318 3145 Divi
335 3091 380 3160 ”l
400 3095 417 3144 3
436 3089 503 3144 Divi
519 3094 540 3143 B
554 3092 564 3161 l
577 3095 648 3145 a-4
666 3088 801 3146 iudicium
819 3096 843 3144 Δ
856 3094 896 3160 l8
914 3091 1002 3162 qnod]
1021 3107 1106 3160 quam

147 3177 268 3232 poenum
286 3159 331 3217 Ro
348 3176 398 3216 sec.
418 3159 485 3227 Solu
503 3162 549 3216 aed
567 3161 602 3228 cf.
621 3177 645 3216 c.
660 3165 678 3216 3
697 3167 722 3216 et
739 3165 803 3229 399,
818 3167 836 3217 7
853 3165 863 3232 ΙΙ
879 3167 912 3215 14
929 3161 1025 3232 plures
1043 3161 1108 3234 ull

149 3239 183 3290 le
203 3231 340 3288 censentis
358 3236 387 3299 B,
414 3229 535 3286 censetis
554 3236 574 3283 1²
592 3232 602 3301 l
624 3230 720 3288 videre
737 3235 782 3304 Bu
801 3238 834 3287 19
853 3249 971 3302 poenam
990 3236 1013 3284 Δ
1035 3233 1045 3302 l
1066 3232 1107 3288 in-

147 3307 294 3358 nocentem
312 3307 334 3356 B
356 3304 366 3374 l
388 3301 500 3358 effici!
522 3303 533 3374 l
555 3307 591 3358 20
608 3302 759 3359 voluerunt
776 3305 820 3374 Pl
837 3309 869 3357 21
889 3303 997 3360 iudicas
1015 3305 1107 3374 nuso

148 3379 218 3428 -26
236 3388 408 3429 numerasses
425 3373 469 3442 ΒΙΙ
488 3378 523 3428 26
541 3373 663 3445 primum
681 3378 743 3439 ΔΒ,
767 3390 836 3430 corr.
855 3376 912 3430 Aer
