2668 3968
244 140 288 206 68
609 140 699 206 QUIN
701 139 841 196 TILIANI

245 325 317 369 mor
338 303 450 388 itaque
472 303 508 368 in
529 303 662 369 civitate
685 325 750 370 non
770 304 888 388 quibus
903 302 984 368 alias
1000 304 1084 370 solet
1098 305 1205 370 oausis

241 395 376 458 exortus
400 395 463 459 est:
487 392 544 457 sed
566 392 728 474 homines,
752 392 829 457 dum
851 391 1072 476 indignantur,
1093 393 1204 459 neseio

226 481 298 546 ‘oui
319 481 428 546 iuveni
446 481 572 566 optimo
591 485 624 546 et
642 481 746 546 nobili
764 481 835 546 duri
852 480 1006 566 puellam,
1024 481 1206 547 convicium

246 569 392 635 moribus
418 569 515 634 huius
540 573 708 654 tamquam
725 569 847 654 ingrati
861 568 1018 636 focerunt
1040 570 1208 656 intellego,

208 657 378 742 riudiees,
403 680 502 742 quarn
525 657 652 724 difficili
675 681 714 724 ae
737 659 826 724 velut
848 658 1021 742 seopuloso
1042 658 1114 726 looo
1137 680 1206 724 ver·

247 751 337 812 setur
368 746 474 814 oratio
504 767 586 812 mea.
635 746 797 832 quomodo
827 767 956 812 narrem
987 747 1089 832 istud,
1120 748 1206 834 quod

245 833 386 901 eonieeai
409 834 544 900 eumue?
573 835 652 901 illud
675 839 757 921 puto
779 835 981 901 tutissimum
1004 840 1070 902 est:
1092 857 1206 920 rapere

245 923 351 990 voluit
382 920 473 1008 (linio
504 924 590 989 enim
622 929 711 990 corte
742 925 872 990 urimini
899 923 1099 1010 ignoscito:
1130 923 1206 990 inde

246 1013 415 1097 tumultus,
428 1011 504 1078 iude
518 1034 613 1078 roone
626 1013 848 1099 repugnantis,
862 1013 937 1078 inde
950 1013 1091 1080 fortasse
1106 1014 1206 1080 etiam

191 1123 227 1171 10
247 1100 350 1166 nimia
371 1101 499 1185 puellae
522 1102 666 1185 querela,
693 1102 779 1188 quod
802 1102 970 1168 audaciam
997 1123 1057 1187 pro
1085 1102 1207 1168 iniuria

245 1188 337 1273 tulit3
367 1190 452 1276 quod
475 1209 510 1254 eo
531 1195 670 1276 raptam,
693 1191 847 1276 quoniam
869 1191 927 1256 ille
949 1212 1063 1276 rapere
1086 1192 1207 1257 voluis·

246 1281 309 1362 set,
341 1278 564 1362 proclamavit
612 1301 672 1344 neo
708 1281 738 1344 is
771 1301 849 1344 rane
880 1278 1064 1366 negandum
1098 1279 1207 1346 existi·

247 1367 350 1432 merit
368 1371 410 1452 et,
428 1389 625 1454 quamquam
647 1368 732 1434 nihil
751 1368 914 1434 aeoiderat
931 1368 1008 1452 tale,
1028 1369 1129 1434 ummo
1147 1390 1206 1436 suo

243 1455 413 1523 confessus
445 1462 505 1523 eet
549 1456 631 1522 illud
657 1462 745 1523 uerte
778 1457 987 1524 manifestum
1018 1461 1082 1522 eet:
1113 1462 1208 1543 petor

192 1565 228 1616 15
246 1543 349 1610 filiam
375 1545 504 1629 putarit
531 1545 638 1611 irasci
682 1547 792 1630 itaque
820 1545 959 1612 sollicite
983 1567 1124 1632 quoque,
1146 1567 1207 1613 noo

245 1653 304 1716 pro
327 1634 466 1717 imperio
488 1637 618 1716 tantum
640 1635 757 1719 patris,
784 1635 840 1700 eod
862 1634 963 1700 etiam
985 1656 1045 1719 pro
1068 1635 1208 1701 auotori-

245 1724 325 1803 tate,
347 1742 409 1805 pro
431 1723 667 1804 †eententia†
689 1722 879 1809 deprecatus
901 1725 962 1790 eat.
1005 1727 1075 1788 tum
1098 1723 1208 1789 admo-

245 1809 318 1874 nuit
339 1809 444 1875 illem:
467 1815 631 1877 memento
653 1811 739 1877 huno
760 1833 845 1897 esea,
870 1812 924 1877 oui
945 1811 1050 1878 vitam
1073 1811 1206 1898 debeas,

245 1897 332 1963 huno
341 1919 421 1982 erue,
430 1899 487 1984 qui
501 1903 535 1965 te
548 1921 588 1965 ex
601 1901 754 1985 perieulis
767 1901 943 1966 servaverit
956 1900 1065 1966 maria.
1084 1904 1207 1986 quanta

190 2007 228 2058 20
245 1985 304 2055 illa
326 1988 519 2071 gratulatio!
540 1993 665 2074 quanta
687 1989 792 2073 patris
809 1990 883 2055 laus
900 1989 977 2055 fuit!
1010 2010 1108 2074 quam
1126 1989 1207 2056 felix

246 2075 375 2141 domuel
397 2077 480 2142 nihil
503 2077 616 2144 deerat
633 2078 777 2160 felicitati
794 2082 935 2162 nostae,
957 2079 986 2144 ei
1003 2081 1116 2162 raptor
1129 2077 1207 2144 liria-

246 2167 307 2229 set.
351 2164 403 2230 his
439 2166 585 2233 moribus
619 2167 696 2251 suis,
722 2166 825 2249 <h>ac
852 2171 946 2232 tauta
972 2167 1120 2232 bonitate
1143 2187 1208 2232 me-

245 2253 350 2320 ruisse
377 2255 466 2320 viana
497 2258 548 2320 est
569 2259 676 2341 pater,
708 2255 765 2340 qui
786 2276 853 2322 non
874 2255 1057 2322 fallereturz
1086 2255 1208 2322 iudioa-
1314 2267 1315 2272 ’

247 2346 362 2408 rerunt
382 2343 616 2429 integritatem.
660 2366 724 2428 qno
753 2350 963 2429 speraverant
988 2343 1149 2426 futurum,
1169 2349 1208 2409 ut

190 2449 227 2500 25
246 2431 352 2516 magis
376 2435 571 2517 amarentur,
599 2433 748 2500 inoidunt
771 2434 806 2498 in
828 2434 995 2500 offensam.
1033 2432 1100 2496 nisi
1120 2432 1207 2498 forte

245 2519 386 2586 inrieem
417 2521 573 2606 ludimur,
609 2526 642 2586 et
673 2543 733 2587 noe
763 2525 859 2607 peter
889 2523 1015 2620 mutuo·
1037 2519 1206 2622 mendacio

245 2613 368 2694 tentat,
399 2631 499 2695 qnare
519 2631 585 2675 non
607 2611 719 2676 omnia
741 2611 853 2675 statim
877 2608 1070 2693 simpliciter
1091 2606 1208 2672 drxerr·

245 2718 327 2783 mus,
346 2699 502 2772 minatur.
541 2697 597 2763 Dii
620 2697 749 2780 faciant,
771 2701 809 2762 ut
830 2698 893 2762 iste
916 2697 960 2761 sit
982 2699 1127 2780 eventus,
1150 2696 1206 2782 qui

242 2786 351 2852 adhue
374 2788 408 2852 in
430 2787 492 2852 hee
514 2785 611 2850 domo
634 2785 779 2851 omnium
801 2785 1017 2869 periculorum
1039 2783 1112 2851 fuit

244 3011 370 3068 istimare
388 3011 432 3080 fll
447 3017 461 3066 1
480 3011 530 3081 qui
548 3011 611 3067 aliis
630 3011 735 3068 assolet
752 3013 901 3085 nauriunt
915 3019 932 3069 4
947 3012 1047 3084 opinor
1059 3016 1090 3079 Δ,
1111 3011 1206 3082 opimo

244 3088 280 3150 l,
309 3097 378 3136 corr.
398 3083 464 3151 Aer,
489 3082 623 3154 opulento
642 3081 684 3139 Gr
705 3086 716 3156 l
738 3083 804 3139 dare
823 3091 846 3138 Δ
867 3088 877 3156 ΙΙ
900 3090 917 3141 8
940 3083 1060 3155 ignoscis
1086 3088 1108 3135 Δ
1135 3083 1145 3152 ΙΙ
1173 3087 1207 3136 10

246 3151 344 3208 mimia
362 3157 385 3207 Α
407 3155 417 3226 l
442 3157 475 3208 11
495 3153 635 3222 quomodo
654 3157 746 3225 illle
765 3153 810 3210 hie
829 3159 948 3228 1111113
967 3153 1062 3209 animo
1080 3170 1130 3208 eno
1149 3156 1206 3220 AB,

245 3223 1205 3298 moornrreerumuurrdmuleouuepaerisnflm

246 3295 451 3364 *gratulationi
469 3299 531 3364 n,
556 3297 591 3363 cs.
611 3301 683 3364 56,9
705 3298 716 3366 l
739 3303 773 3351 11
792 3295 886 3372 <h>ac
905 3297 953 3352 Bu
977 3297 987 3366 l
1014 3301 1048 3350 14
1067 3293 1206 3364 quomodo

243 3368 339 3436 3116
359 3383 414 3436 am.
433 3367 499 3438 quie
518 3365 648 3424 incidunt
665 3371 706 3422 A·
718 3369 728 3438 l
742 3375 776 3424 11
796 3370 893 3425 atatim
912 3385 962 3425 orn.
980 3371 1002 3419 B
