2692 3960
213 143 279 210 302
575 133 807 209 ⁴QUINTILIANI

213 305 303 372 erat?
340 308 378 371 ut
401 304 607 371 occideretur.
643 306 721 390 quid
743 307 880 371 interest
902 306 964 372 hoc
988 329 1052 392 qua
1078 307 1178 394 lage?

212 394 289 481 quid
311 395 458 479 interest,
479 415 543 478 quo
567 414 684 479 genere
707 393 840 459 iudicii?
874 395 946 460 fieri
967 417 1035 462 non
1056 400 1177 481 potest,

210 489 249 550 ut
271 482 324 548 hic
347 483 455 587 papitc
477 483 682 567 periclitatus
705 483 759 566 sit,
784 487 818 548 et
839 486 877 548 tu
898 505 964 549 non
987 485 1105 570 capitis
1123 508 1178 552 ac-

175 593 449 726 omatireittcrea
473 682 570 746 quam
592 663 746 744 putamus
765 659 866 725 fuisse
886 682 1016 727 causam
1037 663 1176 728 conscri-

155 793 160 800 -
209 748 333 816 bendae
360 749 444 834 legis
471 748 628 814 huiusce?
667 747 753 815 hanc
781 749 868 814 enim
895 772 970 815 cum
997 751 1175 816 excusseri-

209 861 292 905 mus:
316 838 497 923 apparebit,
520 838 554 901 in
577 837 676 903 istam
698 859 824 922 quoquc
846 842 973 921 partem
996 840 1078 904 satis
1102 861 1175 904 esse

209 931 348 993 cautum.
394 927 449 991 ›si
477 925 563 1010 quis
591 925 734 1011 capitis
759 927 1008 994 accusaverit
1035 931 1075 993 ct
1097 949 1174 995 non

209 1013 465 1097 damnaverit,
482 1015 566 1097 ipse
580 1014 708 1098 capite
722 1013 938 1098 puniatur<
962 1016 1035 1102 hoc,
1050 1017 1177 1103 opinor,

157 1120 190 1170 10
208 1103 259 1169 illi
281 1101 452 1167 iustissimi
472 1103 556 1188 legis
569 1101 708 1168 ¹huiusce
726 1102 849 1170 latores
869 1108 1107 1191 spectaverunt,
1129 1127 1171 1172 nc

208 1191 280 1276 quis
307 1191 439 1275 impune
466 1192 562 1256 alteri
588 1192 768 1276 periculum
800 1192 950 1259 adferret.
1003 1193 1173 1260 homicidii

207 1300 310 1365 genus
339 1283 547 1365 putaverunt,
577 1284 688 1364 petere
716 1280 867 1366 spiritum
889 1282 1046 1366 hominis,
1075 1304 1171 1368 quem

208 1368 310 1436 occidi
335 1390 402 1435 non
428 1373 602 1454 oporteret.
646 1374 685 1435 tu
710 1369 774 1435 hoc
795 1370 915 1437 fecisti:
943 1373 1102 1437 accusasti
1124 1371 1174 1436 in-

205 1461 391 1544 nocentem3
415 1459 444 1523 si
466 1458 529 1524 tibi
551 1459 710 1525 creditum
733 1463 828 1542 esset,
852 1458 1015 1545 periturus
1040 1464 1111 1527 arat
1132 1461 1173 1545 is,

154 1561 187 1612 15
207 1569 304 1631 quem
328 1547 495 1614 accusasti
527 1547 650 1612 iudices
673 1547 787 1613 eodem
809 1551 958 1634 tempore
980 1549 1020 1614 de
1044 1553 1078 1615 te
1097 1570 1175 1633 pro·

204 1636 448 1702 nuntiaverunt.
483 1656 549 1701 non
571 1639 683 1720 potest
705 1637 838 1702 omnino
860 1638 926 1703 ista
949 1637 1172 1704 circumscribi

205 1722 321 1807 religio
345 1726 378 1788 et
400 1723 555 1790 severitas
578 1723 699 1807 iudicii,
721 1727 759 1789 ut
776 1747 843 1791 non
859 1748 1001 1810 poenam
1020 1727 1075 1792 det
1093 1747 1172 1810 pars

204 1811 369 1878 utralibet.
414 1810 477 1878 hoo
512 1813 679 1898 absoluto,
711 1814 767 1898 qui
793 1815 957 1898 periturus
983 1814 1061 1899 fuit,
1093 1835 1170 1880 con-

204 1901 297 1966 tinuo
316 1899 350 1965 id
368 1921 497 1986 quoquo
515 1905 724 1967 consecutum
742 1905 802 1988 est,
824 1907 862 1968 ut
878 1903 940 1969 tibi
959 1908 1047 1970 esset
1063 1925 1173 1988 poena

151 2003 186 2054 20
205 1987 368 2073 patienda

270 2075 337 2162 „Ac
359 2076 447 2142 enim
469 2078 568 2145 tertio
590 2081 721 2146 tantum
743 2080 936 2146 iniuriarum
955 2082 1113 2166 accusavi,
1136 2081 1172 2148 ct

203 2169 242 2232 tu
264 2165 316 2232 bis
339 2165 405 2230 ianr
429 2165 600 2233 damnatus
619 2190 696 2248 eras¹
710 2167 933 2234 iniuriarum.“
968 2169 1052 2246 Quid
1068 2171 1168 2236 intor-

204 2258 267 2340 cst,
296 2276 379 2340 quae
406 2277 459 2320 ros
481 2255 595 2322 fecerit
617 2257 705 2323 istud
728 2257 845 2341 capitis
868 2257 1046 2324 iudicium?
1089 2280 1169 2324 nam

204 2345 236 2406 ct
258 2347 295 2408 tu
319 2343 441 2408 crimen
464 2345 596 2430 gravius
620 2345 783 2429 obiecisti,
811 2348 1056 2431 quampriores
1080 2346 1169 2412 obie-

149 2435 324 2497 uocarunt.
361 2432 409 2498 vis
434 2435 525 2519 scire,
548 2456 646 2520 quam
668 2435 731 2500 hoc
755 2454 867 2501 verum
892 2435 959 2501 sit?
982 2457 1040 2499 -ε
1065 2434 1166 2499 semel

201 2519 395 2587 iniuriarum
414 2521 570 2590 damnato
588 2523 784 2608 ignoscitur:
808 2523 889 2587 illud
907 2525 1012 2588 morte
1031 2521 1166 2606 dignum

200 2609 338 2695 videtur,
361 2610 390 2675 si
407 2611 445 2690 is,
468 2611 593 2696 quibis
615 2611 683 2675 iam
701 2610 873 2676 damnatus
893 2613 943 2674 cst
964 2609 1167 2694 iniuriarum,

201 2698 362 2782 (iterum)
377 2697 466 2764 fecit.
488 2700 555 2763 iam
573 2699 636 2764 hoc
649 2699 716 2763 tale
729 2697 870 2782 videtin,
883 2698 979 2781 quale
996 2697 1164 2764 hominem

200 2785 353 2851 occidere.
377 2805 455 2870 ergo
470 2790 506 2851 tu
519 2787 553 2850 id
568 2785 726 2869 obiecisti,
741 2784 827 2870 quod
841 2787 895 2852 lex
907 2789 1013 2852 morte
1029 2787 1164 2873 dignum

146 2888 180 2937 30
199 2874 336 2958 putauit,
347 2872 494 2956 quodlex
504 2872 609 2956 capite
620 2873 759 2938 taxavit:
774 2874 892 2960 capitis
902 2896 979 2963 ergo
990 2876 1164 2942 accusasti.

265 2960 338 3030 Hoc
365 2960 437 3028 loco
465 2962 534 3027 iure
563 2960 690 3046 depulsi
717 2961 759 3028 ad
787 2964 933 3031 convicia
960 2965 1164 3052 confugiunt.

201 3049 278 3137 „Bis
296 3056 408 3117 tamen
421 3049 613 3116 iniuriarum
628 3050 800 3118 damnatus
820 3051 901 3118 est.“
929 3053 1064 3121 Poterat
1080 3053 1163 3119 mihi

270 3213 287 3262 8
307 3206 450 3263 cauditum
468 3213 509 3262 Aa
526 3210 584 3278 1112
603 3224 691 3279 genus
709 3225 760 3266 ora.
778 3211 822 3279 Pl!
838 3214 872 3264 13
891 3210 1037 3266 occidendi
1054 3227 1111 3266 non
1130 3215 1163 3278 Α,

198 3294 254 3332 non
273 3277 455 3334 occidendis
473 3281 483 3351 ss
503 3285 536 3335 16
555 3279 693 3336 conscribi
710 3282 755 3351 BH
773 3287 806 3335 22
827 3279 885 3336 iam
903 3296 954 3337 om.
973 3283 1067 3352 Δ1128
1086 3279 1161 3354 <ite-

197 3365 260 3402 rum
277 3350 319 3403 ccl
336 3349 471 3431 tertium>
489 3351 558 3418 Scb,
577 3352 625 3421 qui
643 3351 687 3406 bis
704 3350 763 3406 iam
781 3351 934 3406 damnatus
954 3353 1011 3421 est,
1029 3351 1162 3407 iniuriam

197 3417 266 3473 fecit
283 3418 340 3474 Aer
353 3421 363 3488 ΙΙ
376 3420 494 3475 obecrsti
512 3424 558 3491 ΔΙΙ
572 3427 607 3477 30
625 3423 687 3476 tax
704 3425 728 3473 Δ
