2670 3962
406 143 724 201 DECLAMATIONES.
745 142 872 204 CCCXV.
1057 145 1120 214 241

154 308 226 395 luit,
237 311 406 393 temquem
413 307 667 390 inutilissimum,
674 309 844 392 tamquam
851 306 1122 374 inimicissimum.

152 419 260 484 neque
280 397 366 464 enim
383 418 524 482 poenum
538 396 623 464 huno
641 396 712 462 viro
731 396 812 462 forti
830 396 1001 464 constituit
1018 417 1122 482 neque

152 486 304 572 inposuit
321 485 496 568 recusanti,
508 505 612 570 neque
629 485 733 551 ullam
746 485 975 552 necessitatem
987 486 1121 554 nolenti

154 576 235 661 quid
257 575 344 642 euim
367 573 559 657 facietis,
533 596 561 640 ιι
579 596 646 640 non
670 572 842 642 occidero?
865 574 937 659 quis
956 578 1008 640 ιιι
1024 573 1121 641 huius

154 663 461 730 constitutionisexr
452 662 654 749 tuellegem
663 662 791 729 nullam
799 663 938 729 habetis.
953 662 1122 730 sedvindi·
1141 681 1157 734 t

154 749 412 826 carivosvultis.
430 751 777 820 adhibeteoarnificem
779 751 1122 838 ,occiditeutrumqua

155 841 237 908 bene
265 841 395 908 hercule
423 840 654 907 exhortamini:
682 844 747 926 est,
775 861 875 926 quare
907 862 999 908 armo
1025 863 1123 908 senex

154 952 330 998 resumam.
374 929 524 1015 „fortiter
546 929 668 1014 fecisti,
696 929 873 1014 plurimum
902 929 1122 1016 reipublicae

153 1024 231 1086 tuae
254 1019 466 1104 praestitisti,
494 1019 576 1084 velis
599 1018 715 1084 nolis.“
751 1019 828 1104 quid
850 1018 953 1105 igitur
974 1019 1056 1086 haec
1079 1019 1121 1086 ed

153 1108 387 1193 parricidium?
423 1111 476 1193 „et
504 1107 608 1176 filium
631 1107 755 1191 occide,
782 1112 816 1174 et
842 1129 959 1194 porum
988 1107 1032 1180 sit
1061 1107 1122 1176 tibi
1142 1125 1175 1176 ιο

154 1195 319 1281 perdere.“
364 1198 537 1264 vehemens
567 1201 650 1281 eret,
680 1196 709 1262 si
731 1196 885 1281 dicerem,
916 1197 1014 1264 anolo
1038 1197 1121 1264 occi·

152 1285 266 1352 dorse:
289 1286 466 1373 ignoscetis
490 1285 572 1351 mihi
595 1285 730 1370 dicenti,
760 1307 851 1351 ›non
873 1305 1021 1369 possum,
1051 1308 1120 1352 ma·

156 1395 220 1440 uus
243 1375 310 1459 illa,
333 1397 416 1460 quae
439 1374 533 1442 fortis
557 1374 737 1459 dicebatur,
755 1373 906 1441 defecit«

223 1461 298 1530 Soio
325 1485 410 1530 nuno
437 1485 504 1548 me,
530 1463 661 1547 iudices,
688 1461 880 1548 reprehendi
903 1484 923 1527 u
946 1462 1041 1529 bonis
1063 1485 1120 1548 pa·

153 1552 271 1637 tribus,
293 1556 462 1637 tamquam
484 1552 666 1637 praemium
684 1554 798 1638 optare
817 1550 970 1620 nescium.
1001 1551 1119 1620 melior
1138 1569 1172 1620 ιι

7 1657 18 1670 ’
152 1641 240 1706 enim
273 1644 306 1707 et
336 1641 558 1727 indulgentior
588 1645 683 1726 pater
715 1642 778 1708 hoc
814 1639 947 1706 diceret:
979 1640 1119 1710 >donate

153 1730 281 1796 meritis
300 1730 382 1797 meis
400 1730 513 1796 lilium.
540 1731 589 1796 ite
607 1750 670 1816 ego
689 1729 777 1815 quod
794 1729 924 1796 fortiter
939 1729 1013 1816 feci,
1032 1730 1119 1815 quod

152 1821 284 1886 tentum
301 1819 432 1886 hostilis
452 1818 620 1907 sanguinis
640 1818 718 1903 fudi,
742 1818 829 1904 quod
845 1819 934 1886 inter
953 1824 1121 1886 momente

152 1907 309 1974 victoriae
332 1907 390 1993 fui,
412 1930 480 1975 non
502 1912 553 1974 est
571 1930 630 1993 pro
650 1930 749 1994 opera
763 1907 947 1974 duorumo'l
982 1907 1067 1995 Ego,
1090 1910 1119 1976 si

152 1997 270 2064 melior
301 2018 407 2064 essem
433 2000 540 2083 peter,
567 1997 648 2064 illud
677 2019 804 2082 quoque
828 1996 1020 2082 simpliciter
1043 2019 1117 2066 con·
1137 2013 1172 2064 ιο

153 2084 276 2170 literer,
308 2085 488 2153 deseruisse
519 2087 624 2152 filium
657 2107 731 2152 mea
763 2087 867 2171 culpe.
922 2086 1000 2171 quid
1032 2087 1119 2152 enim

153 2195 288 2242 necesse
305 2174 370 2241 fuit
387 2175 523 2242 educere
540 2175 575 2241 in
595 2175 698 2243 aciem
718 2174 1019 2244 adulescentulum?
1042 2174 1119 2260 quid

153 2283 286 2330 necesse
321 2264 385 2330 fuit
419 2263 516 2330 rudes
549 2286 652 2330 anuos
686 2285 759 2330 oum
795 2263 992 2348 gravissimo
1023 2263 1119 2332 hoste

154 2352 366 2419 acerbissimo
388 2354 513 2439 proelio
537 2358 752 2439 componere?
776 2357 834 2418 sut
856 2356 942 2418 certe
961 2353 990 2418 si
1006 2356 1117 2420 tentus

152 2439 280 2525 gloriae
308 2463 412 2527 emor,
440 2442 469 2508 si
495 2445 591 2508 tenta
617 2441 734 2528 cupido
757 2441 901 2525 laudum,
926 2441 1075 2508 recedere
1098 2455 1170 2509 ast

151 2529 220 2596 filio
244 2551 318 2596 meo
340 2551 409 2597 non
430 2530 612 2598 debueram.
649 2534 683 2598 ot
705 2530 781 2612 feci,
811 2529 944 2613 iudices,
966 2531 1118 2615 primum,

151 2622 186 2684 et
208 2623 379 2705 tamquam
401 2620 605 2688 instituerem
625 2619 731 2686 filium
747 2618 863 2686 rudem
880 2618 1027 2702 militiae,
1050 2641 1118 2686 non

150 2709 267 2792 procul
290 2710 429 2776 olatere
447 2709 574 2796 reliqui.
606 2709 735 2794 decepit
751 2731 804 2774 me
823 2707 921 2776 ordor
944 2707 1002 2773 ille
1025 2707 1117 2774 belli:

151 2799 190 2862 ut
226 2797 368 2882 primum
406 2799 501 2886 signa
533 2820 649 2868 canere
683 2801 870 2884 coepenmt,
906 2799 944 2862 ut
975 2797 1117 2882 primum

150 2885 213 2970 †..
228 2887 276 2972 .†,
298 2890 405 2954 totum
428 2887 572 2953 ammom
592 2888 752 2973 percussit
770 2887 887 2973 patria,
910 2884 982 2952 sola
1000 2886 1114 2954 virtus
1134 2901 1170 2952 eo

221 3077 945 3218 tririfortemtploseliamdlfacitisllq
926 3077 1115 3149 quidullo

148 3146 295 3206 vindicare
313 3152 365 3203 AB
397 3166 459 3206 corr
547 3151 557 3219 ΙΙ
571 3167 621 3206 vos
643 3150 769 3206 voltisB
806 3147 892 3206 vultis
915 3149 957 3230 Pl
973 3155 1005 3203 11
1031 3148 1115 3204 vehe-

148 3220 252 3276 mentis
276 3225 317 3274 Aa
333 3222 344 3292 l
363 3226 467 3276 11-12
492 3221 619 3277 occidere
636 3220 703 3277 uolo
721 3226 741 3275 B
759 3223 769 3290 [Ι
788 3226 821 3276 15
844 3218 979 3276 uesicism
998 3221 1062 3290 tol
1082 3225 1115 3276 16

148 3289 449 3362 indigentiordllhoc
464 3292 603 3362 poterell
619 3297 652 3349 18
666 3293 742 3349 tame
761 3291 932 3362 Blsonguis
946 3293 1115 3362 tolleno-

147 3361 412 3432 mentalltt-
414 3369 448 3419 ιι
467 3362 537 3432 quid
557 3361 1114 3434 meamoroms'osoneoessef.r....scg

147 3431 1070 3507 hfflapcmmostploriaetalltscoep.itsprlln30*†..
1081 3437 1113 3501 .†

202 3531 334 3584 Qulntlllen
334 3531 421 3585 idmst
435 3532 567 3576 maome·
919 3528 952 3580 16
