2692 3960
210 77 275 144 328
575 75 802 142 commum

209 241 290 306 heec
327 241 437 305 omnia
473 238 571 304 simul
604 239 700 304 emisi
732 242 765 302 et
796 239 906 303 omnia
936 239 1017 304 haec
1052 238 1172 304 iniuria

210 329 314 395 amisi.
341 329 501 394 exercitus
522 349 573 392 me
593 327 800 412 expugnavit,
819 328 903 392 siout
921 328 1036 392 urbem
1053 327 1171 392 hostis:

210 421 243 483 et
264 418 345 484 haec
366 421 439 502 ipse
461 439 559 482 cause
577 417 659 482 satis
678 417 764 482 iusta
783 420 854 480 erat
871 416 1051 482 voluntatis
1071 437 1173 482 meae.

211 505 281 572 odit
303 528 355 572 me
378 507 548 587 exercitus,
570 528 646 589 pers
669 505 783 588 populi
807 504 997 586 fortissima,
1019 526 1096 588 pars
1114 526 1171 588 po-

175 595 281 679 epuli
310 595 431 678 optime
459 595 498 662 de
521 615 556 658 re
578 593 710 678 publice
732 594 862 676 merita3
890 593 940 658 illi
962 593 1084 658 milites
1107 594 1172 659 vie·

210 689 313 768 tores,
341 683 392 749 illi
418 683 563 750 bostium
590 683 696 768 spolia
726 682 902 747 referentes
924 703 990 746 non
1013 703 1065 746 me
1088 682 1171 747 occi·

210 772 340 856 derunt,
363 772 420 837 sed
442 772 564 837 liberos
587 792 691 838 meos:
718 775 797 854 puto
825 771 899 835 illos
927 770 978 835 his
1008 770 1171 835 aetatibus

209 860 352 926 bostium
375 860 628 944 pepercisse-
651 861 821 943 coniugem
844 881 964 923 meam:
994 859 1052 924 illa
1074 857 1172 924 modo

209 950 297 1015 victa
320 950 434 1014 civitas
456 949 550 1031 nihil,
573 948 659 1032 quod
683 949 723 1014 ad
742 947 880 1012 feminas
900 948 1052 1031 pertinet,
1074 969 1172 1032 passa

158 1053 190 1116 ιο
210 1041 260 1102 est
287 1040 417 1121 praeter
444 1036 679 1120 captivitatem.
724 1034 856 1101 demum
890 1058 996 1102 meam
1029 1036 1172 1102 incende-

208 1129 299 1190 rent:
330 1129 420 1190 stant
441 1125 533 1209 illae,
557 1147 637 1209 ques
660 1125 806 1191 vicimus.
851 1124 932 1190 illud
953 1129 1063 1190 tamen
1085 1125 1172 1189 inter

209 1214 318 1279 omnia
341 1213 570 1299 gravissimum
594 1218 657 1279 est:
686 1235 759 1278 cum
786 1213 867 1279 haee
889 1212 1034 1297 fecerint,
1061 1213 1171 1278 existi-

207 1307 300 1368 mant
323 1325 357 1368 se
379 1304 449 1368 iure
472 1301 596 1369 fecisse.
647 1317 649 1321 '

276 1390 424 1480 ,Omnia
445 1391 561 1476 inquit,
583 1390 664 1457 haee
687 1394 720 1456 et
742 1411 803 1475 ego
826 1412 942 1474 pessus
966 1388 1065 1454 sum.“
1093 1389 1173 1472 scio,

156 1495 188 1546 le
208 1501 271 1565 quo
295 1481 469 1566 pertineat:
492 1485 530 1546 ut
547 1480 659 1546 videar
681 1501 741 1564 ego
764 1480 881 1546 merito
905 1500 1031 1563 passus.
1062 1482 1114 1544 est
1137 1481 1171 1543 et

207 1569 289 1635 haec
312 1591 409 1634 cause
431 1568 604 1648 moriendi,
628 1568 657 1633 si
680 1572 809 1635 tentum
832 1568 977 1653 peccavi,
1004 1568 1032 1632 si
1055 1589 1093 1632 eo
1116 1588 1171 1632 me

207 1657 337 1722 deduxit
360 1678 463 1741 error,
491 1659 528 1722 ut
555 1656 642 1724 filios
671 1678 760 1722 meos
784 1658 971 1723 occiderem.
1017 1657 1171 1722 confiten-

207 1745 284 1810 dum
316 1749 368 1811 est
404 1745 443 1811 de
479 1745 542 1811 hae
579 1747 775 1832 gravissima
807 1745 1006 1811 calamitate:
1038 1744 1170 1809 domum

207 1855 311 1900 mecm
320 1834 463 1900 incendit
473 1834 641 1917 exercitus,
651 1834 791 1919 populus
799 1855 865 1899 non
874 1833 1027 1899 defendit.
1041 1833 1171 1918 „omnia

154 1938 189 1990 20
207 1928 318 1986 temen
341 1922 453 1988 eedem
476 1927 510 1988 et
533 1944 592 2008 ego
616 1946 732 2008 passus
756 1921 855 1988 sum.“
883 1923 1040 1987 'Possum
1063 1921 1179 1986 dicere-

206 2009 269 2075 hoe
286 2014 429 2076 tentum:
451 2011 535 2077 ferre
551 2013 670 2093 fortius
688 2015 792 2095 potes,
810 2010 960 2096 gratulor
976 2009 1084 2076 enimc
1101 2014 1170 2075 tuo.

117 2109 123 2122 ·
206 2098 262 2163 sed
293 2122 334 2166 ne
362 2101 482 2166 mirum
511 2100 640 2187 quidem
668 2104 732 2182 est,
762 2100 848 2185 quod
878 2105 915 2165 tu
941 2098 1025 2163 ferre
1050 2099 1168 2178 fortius

204 2191 307 2271 potes.
352 2189 496 2275 locuples
529 2210 573 2256 es.
618 2187 695 2274 quid
721 2189 852 2272 horum,
881 2208 961 2274 quae
991 2187 1169 2271 perdidisti,

205 2297 402 2362 magnopere
430 2278 614 2344 desideras?
646 2278 786 2361 domum,
814 2278 936 2360 opinor,
967 2272 1058 2359 (hinc
1081 2275 1169 2339 enim

152 2365 374 2453 reincipiam)
406 2365 589 2451 perdidisti:
620 2365 733 2432 infelix
765 2386 833 2430 non
863 2363 999 2430 habebis
1030 2368 1168 2444 tectum,

205 2454 290 2537 quod
310 2456 451 2521 subeas?
473 2457 508 2521 iu
523 2455 652 2538 publico
671 2455 733 2520 tibi
753 2454 948 2519 menendum
967 2456 1030 2534 est,
1053 2454 1087 2516 et
1104 2453 1167 2516 sub

204 2543 318 2609 caelo?
336 2545 476 2610 fortasse
494 2545 592 2609 etiam
611 2543 809 2610 contulerint
825 2544 890 2608 ista
906 2540 1100 2606 detrimenta
1114 2537 1168 2602 de·

203 2629 287 2696 liciis
300 2634 381 2699 tuis:
399 2634 550 2698 novimus
565 2633 692 2698 animos
706 2636 843 2716 vestros,
862 2630 1008 2697 novimus
1024 2627 1168 2694 fastidia.

205 2719 233 2783 si
251 2741 318 2785 non
337 2725 424 2786 esset
438 2722 571 2787 incensa
589 2721 713 2804 domuc,
731 2720 867 2786 subinde
881 2720 1015 2801 diruere,
1032 2716 1168 2782 subinde

151 2822 186 2873 3ο
206 2811 333 2873 mutare
365 2831 423 2874 vos
456 2810 548 2874 iuvet
575 2813 608 2873 et
635 2809 758 2893 aliquid
785 2809 910 2876 scilicet
939 2806 1168 2890 experimentis

274 3005 290 3054 2
309 3000 405 3055 hostes
425 3004 445 3052 Β
466 3002 475 3070 ΙΙ
495 3007 511 3055 3
530 2999 602 3056 beec
620 3016 671 3056 om.
690 3001 763 3069 3117
781 3002 852 3070 puta
869 2998 1100 3067 AB-Plli-{s
1118 2997 1167 3054 lib.

202 3087 282 3125 meos
301 3071 470 3142 <coniugem
489 3069 561 3143 m.>:
580 3073 650 3156 puto
670 3077 716 3127 etc.
728 3103 760 3112 —
776 3072 935 3142 pepercisse
955 3070 1029 3140 [con.
1048 3070 1098 3153 m]
1117 3068 1169 3124 illa

202 3141 482 3268 :secun
492 3143 712 3285 cetius:
724 3143 815 3282 :u
825 3142 1153 3282 :nizarus

203 3282 522 3423 {olrpossphsfldwbppopr
542 3283 591 3340 Be
613 3287 622 3354 ΙΙ
645 3290 679 3340 22
698 3284 748 3339 sed
765 3283 940 3338 nimirums
963 3285 972 3352 ΙΙ
994 3283 1089 3350 potius
1107 3286 1168 3351 n,
