2682 3956
247 141 314 205 364
613 138 841 206 QUINTIHANI

246 303 387 386 falleris,
418 304 474 388 qui
500 307 597 389 putas
623 304 780 370 virtutem
806 323 903 386 posse
925 303 1062 368 conduci
1085 309 1119 369 et
1141 308 1213 371 ani·
1320 308 1321 333 ¹

247 414 337 457 mum
360 391 499 477 pecunia
519 391 599 458 lieri.
629 393 665 456 in
688 392 799 458 omnia
820 391 907 456 anim
929 413 1008 458 sane
1032 393 1123 458 lucro
1140 399 1212 461 tra·
1322 434 1323 451 κ

246 481 376 564 bamam
403 480 501 546 ducat
526 501 586 546 nos
613 503 689 564 spes
718 480 761 545 ad
781 480 942 563 laborem,
967 481 1065 546 ducat
1087 482 1130 547 ad
1150 505 1210 568 pa-

246 570 411 636 tientiam:
442 590 537 634 nemo
573 569 677 634 futuri
712 569 868 653 temporis
895 569 1096 654 cogitatione
1124 574 1210 656 peri·

211 661 357 727 oculum
380 659 477 724 subit
509 659 615 723 iturus
638 658 756 743 aliquis
772 659 810 722 in
827 658 860 723 id
878 657 1062 742 discrimen,
1084 682 1124 724 ex
1142 683 1209 746 quo

248 769 418 813 evasurum
441 769 476 812 se
498 768 566 812 non
586 752 704 831 speret,
726 747 898 832 pecuniam
916 748 1098 830 spectant?
1122 751 1211 815 scili·
1316 739 1323 756 '

248 841 309 921 cet,
331 841 370 901 ut
390 836 587 919 locupletior
608 836 743 920 periret;
765 839 803 900 ut
826 836 855 899 si
877 835 1070 902 destitutum
1091 838 1211 904 inillis
1273 911 1279 920 ¹

247 925 505 1009 exagitationibus
533 927 703 989 manerent
729 927 909 1007 tormenta,
937 925 965 989 si
994 926 1129 1008 tyranni
1151 927 1210 1011 ira,

247 1013 384 1078 baberet
404 1013 487 1077 illud
506 1013 597 1078 intra
614 1012 847 1078 conscientiam
865 1034 967 1097 suam,
991 1015 1156 1099 accepisse
1174 1038 1210 1081 se

195 1121 228 1170 ιο
246 1101 418 1186 pecuniam
445 1105 480 1165 et
510 1101 609 1185 paulo
642 1105 719 1166 ante
746 1121 879 1185 gravem
906 1105 1043 1186 argento
1075 1125 1210 1169 manum
1275 1181 1281 1198 ι

246 1190 356 1255 fuisse
389 1193 464 1255 ante
486 1189 589 1276 igitur
610 1189 674 1256 hae
694 1191 911 1256 versabantur
928 1190 964 1254 in
982 1193 1091 1258 animo
1110 1192 1210 1258 buius

247 1279 475 1364 cogitationes;
498 1282 574 1344 ante
596 1280 693 1363 istud,
716 1279 802 1365 quod
819 1283 857 1344 tu
875 1280 1020 1345 effecisse
1037 1281 1210 1364 pecuniam

246 1373 353 1452 putas,
382 1368 506 1435 fecerat
528 1389 581 1433 res
603 1369 744 1452 publica,
766 1369 889 1434 fecerat
910 1369 1102 1453 indignatio,
1125 1369 1209 1436 iece-

247 1460 300 1522 rat
321 1457 469 1542 ingenita
490 1459 604 1522 virtus.
648 1479 709 1522 nec
731 1463 783 1540 tu,
811 1457 876 1520 nisi
898 1457 961 1522 boe
982 1458 1211 1543 intellexisses,

196 1562 228 1612 lo
247 1567 346 1611 ausus
370 1567 456 1611 esses
479 1547 570 1630 loqui
593 1551 652 1612 aut
674 1545 880 1612 committere
899 1549 970 1611 tam
990 1547 1209 1629 periculosum

248 1635 356 1699 alieno
379 1638 548 1700 secretum.
580 1635 708 1700 videras
726 1635 862 1717 vultum,
885 1633 1044 1719 audieras,
1067 1657 1141 1701 eum
1158 1657 1210 1701 ra·
1325 1655 1326 1686 ³

247 1725 379 1808 peretur
401 1723 512 1807 aliqua
534 1722 638 1808 virgo,
659 1723 936 1809 ingemiscentem.

314 1810 550 1878 Verumtamen
581 1833 638 1877 cur
667 1835 735 1877 non
767 1833 962 1896 reponamus
990 1813 1074 1878 banc
1097 1817 1210 1878 contu·

156 1954 159 1959 .
247 1900 402 1964 meliam?
424 1921 491 1965 non
513 1923 574 1985 pro
592 1923 627 1966 re
646 1901 777 1986 publica
796 1899 922 1966 dedisti.
955 1902 1075 1965 seimus
1094 1905 1210 1986 tyran-

194 2006 228 2056 ac
247 1989 355 2054 nidem
382 1991 555 2074 praecipue
583 1989 625 2055 ad
650 1990 768 2055 divites
796 1990 966 2072 periinere.
1011 1990 1083 2074 illa,
1111 2011 1209 2074 quam

246 2077 391 2162 dederas,
414 2079 551 2162 pecunie
573 2078 754 2145 redimebas
773 2077 929 2162 fortunas,
951 2080 1105 2162 pecunias
1124 2082 1209 2164 tuas,

246 2167 347 2232 immo
385 2168 539 2252 salutem3
581 2166 840 2252 quandoquidem
875 2167 1064 2252 plerumque
1101 2169 1209 2252 pen're

245 2255 340 2321 vobis
370 2255 405 2320 in
436 2257 562 2321 lucrum
595 2256 795 2320 crudelitatis
831 2255 957 2320 alienae
987 2276 1117 2321 necesse
1148 2261 1209 2322 eat

246 2343 349 2409 babes
376 2345 480 2430 igitur
513 2344 595 2410 satis
621 2365 743 2430 magna
770 2344 866 2409 istius
892 2344 1100 2409 liberalitatis
1129 2347 1207 2410 tuae

192 2447 226 2498 25
245 2433 360 2515 pretia.
414 2455 547 2498 securus
584 2454 618 2497 es
654 2455 741 2498 nune
776 2433 940 2516 dominos,
980 2455 1068 2498 nune
1104 2433 1209 2498 dives:

245 2520 360 2586 demeti
381 2521 550 2586 fortunam
571 2525 663 2586 tuam
685 2522 815 2605 timere,
839 2521 953 2586 desisti
971 2521 1093 2606 odisse,
1116 2522 1208 2606 quid·
1325 2501 1327 2532 ⁷

246 2609 321 2695 quid
351 2610 464 2675 iactas.
504 2609 596 2695 „Ego
624 2614 747 2694 tamen,
773 2610 892 2694 inquit,
920 2610 1005 2694 dedi,
1028 2611 1114 2695 quod
1137 2631 1210 2675 esee
1326 2627 1327 2650 ÷

245 2720 305 2782 pro
337 2698 511 2784 praemio.“
562 2698 639 2764 Ideo
672 2719 750 2783 ergo
783 2699 899 2784 exigis,
930 2703 968 2763 ut
994 2720 1045 2764 res
1073 2698 1208 2782 publica

246 2807 312 2850 non
329 2786 467 2851 reddat?
491 2790 524 2852 et
541 2787 571 2852 si
589 2787 666 2872 quid
685 2791 723 2852 tu
735 2788 884 2870 priuatus
898 2787 1077 2853 liberaliter
1091 2788 1207 2872 fecisti,

192 2892 227 2941 ³0
246 2874 432 2940 universam
456 2876 621 2941 civitatem
639 2875 691 2940 vis
710 2876 817 2942 facere
836 2875 987 2942 sordide?
1009 2897 1207 2961 quamquam

245 2985 286 3028 ue
316 2963 458 3029 remittis
486 2964 616 3049 quidem
643 2964 731 3029 istud
758 2965 805 3030 rei
832 2963 996 3050 publicae,
1029 2963 1085 3028 sed
1111 2964 1145 3029 in
1173 2968 1208 3028 te

316 3136 669 3208 tsioeBssdaubiitAau
682 3138 1014 3210 ex]etBfl6sinlpee
1031 3137 1209 3210 speravitell

245 3214 261 3262 9
279 3208 369 3280 intra]
388 3208 417 3262 in
437 3213 536 3264 contre
552 3213 573 3263 Ι
588 3211 599 3280 Ι
613 3215 644 3262 11
665 3211 736 3264 baec
753 3214 802 3276 Aa,
821 3209 1036 3292 bacellos&
1055 3209 1149 3278 Δ117
1164 3210 1208 3263 in·

243 3280 813 3423 ffi⁰ee³ter2¹.23s²zes:ls²
823 3279 1029 3419 istst}
1040 3282 1208 3422 tetes}

243 3418 352 3474 dedisse
371 3423 462 3489 31181
476 3421 553 3474 istud
571 3422 604 3475 ut
620 3422 688 3489 reio
702 3426 733 3489 Δ,
751 3421 828 3475 istud
846 3437 890 3475 res
909 3421 1025 3491 publica
1042 3426 1062 3475 B
