2640 3968
392 153 708 214 Ducuuufflouus
727 153 828 211 ocull.
1043 155 1087 222 33

127 320 334 405 dignationes
355 317 478 382 accedit
496 316 625 382 metus?
646 320 669 398 †
691 317 900 382 manifestum
919 321 998 402 crat,
1020 339 1087 384 non

124 409 268 473 futuram
304 407 506 474 sacerdotem
544 406 646 470 filiam
677 410 777 472 tuam
822 405 907 470 forte
936 406 1088 491 (dubiis)

125 496 327 582 argumentis
349 495 413 561 hoc
435 495 566 579 colligo,
588 496 689 580 longa
707 498 741 560 et
758 494 883 558 difficili
902 497 1087 561 coniectura

124 585 327 671 probandum
346 588 441 667 puto:
463 585 589 648 locutus
612 589 664 650 est
684 584 832 667 populus.
865 584 894 648 si
912 583 979 649 alis
991 606 1088 668 quae·

126 695 261 758 eumque
281 673 364 738 mihi
382 673 471 737 fama
488 671 689 737 defendenda
701 671 797 756 foret,
815 671 955 737 dicerem
968 677 1123 757 tamcmu

125 763 258 828 iudices:
276 783 347 826 rem
365 783 435 826 esse
452 761 610 826 miraculo
629 761 780 844 similem,
798 760 886 845 quod
904 783 978 826 oum
991 763 1088 847 pauci

125 852 164 916 ad
193 873 255 916 vos
285 854 389 914 testes
415 849 651 935 producuntur,
681 848 759 915 fidei
785 853 914 914 vestrae
944 851 1087 936 iurisque

124 939 253 1005 iurandi
269 939 352 1004 satis
365 938 475 1004 idonei
488 945 637 1004 auctores
650 938 826 1022 habentu13
845 940 996 1023 quotiens
1009 961 1087 1005 vero

126 1028 270 1094 civitatis
297 1027 468 1094 universae
495 1049 672 1093 consensus
699 1031 734 1092 et
760 1049 886 1111 onmes,
913 1029 969 1112 qui
1000 1029 1087 1093 intra

124 1117 210 1182 hanc
232 1117 343 1180 sedem
366 1121 452 1198 sunt,
473 1138 575 1181 unum
597 1116 722 1201 aliquid
735 1121 923 1200 certumque
937 1117 1088 1200 dixerint,
1107 1135 1140 1183 10

125 1227 237 1270 rumor
259 1208 403 1270 vocatur.
440 1206 476 1270 in
501 1205 575 1268 aliis
596 1205 735 1269 fortasse
757 1205 827 1269 falli
848 1206 915 1270 ista
936 1211 1087 1290 possunt:

125 1297 236 1379 ntique
253 1315 368 1358 rerum
391 1293 471 1358 dicit
492 1293 589 1376 fama,
612 1315 695 1378 quae
718 1293 757 1357 de
776 1315 811 1358 se
828 1294 983 1378 loquitur.
1013 1296 1087 1378 quis

126 1383 213 1448 cuim
234 1382 453 1466 loquebatur?
475 1382 624 1466 populus.
668 1381 708 1448 de
730 1404 796 1465 qua
816 1383 874 1446 re?
903 1404 1003 1465 qnam
1025 1383 1089 1447 fae·

126 1476 219 1536 turns
252 1475 323 1535 crat
349 1471 500 1555 populns.
549 1493 621 1536 cum
651 1470 691 1535 dc
713 1470 855 1536 comitiis
880 1471 1089 1536 consentiunt

125 1581 284 1644 mmores,
308 1559 348 1624 dc
375 1580 410 1624 se
438 1560 576 1644 quisque
598 1559 691 1644 dicit,
712 1559 810 1624 »haee
832 1559 919 1622 fies:
951 1558 1014 1626 hoe
1036 1566 1089 1625 est
1107 1577 1140 1625 15

126 1649 240 1731 dicere,
262 1647 364 1712 »hane
385 1648 531 1712 faciam«.
574 1670 643 1713 non
664 1651 715 1713 est
736 1648 802 1713 ista
823 1647 926 1713 fama:
954 1650 1087 1714 comitia

125 1741 209 1802 sunt
247 1735 363 1820 Neque
386 1741 447 1815 est,
468 1736 554 1822 qnod
576 1737 700 1819 mirari,
723 1737 823 1821 dives,
845 1739 903 1800 ant
925 1736 1094 1822 indignari

124 1826 220 1908 velis,
251 1825 288 1890 in
310 1825 452 1890 comitiis
473 1826 547 1910 plus
577 1847 673 1908 saepe
696 1846 855 1909 pauperes
878 1846 989 1908 posse:
1020 1848 1088 1891 non

125 1914 236 1979 omnia
258 1917 398 1998 possunt
415 1934 493 1998 opes
510 1919 649 1997 restrae,
670 1934 776 1998 neque
793 1913 831 1977 in
849 1914 983 1996 cunetis,
1005 1936 1088 1999 quae

124 2002 301 2067 humanam
323 2003 491 2067 continent
513 2002 626 2085 vitam,
648 2002 780 2067 domina
801 2003 937 2085 pecunia
955 2006 1014 2068 est.
1043 2004 1088 2067 la·
1106 2019 1140 2069 20

123 2092 189 2156 tius
221 2090 434 2175 possidebitis
466 2095 499 2154 et
528 2091 765 2156 numerosiores
793 2090 932 2155 familias
961 2097 1087 2157 vestras

124 2179 337 2264 ignorabitis,
366 2199 520 2262 magnam
552 2183 679 2262 partem
706 2179 850 2243 civitatis
885 2179 1089 2262 occupabunt

125 2267 240 2333 domus
262 2272 400 2349 restrae,
429 2267 544 2352 ingens
566 2267 693 2352 pondus
716 2267 847 2351 argenti
868 2268 1088 2352 praestringet

126 2357 252 2440 oculos3
284 2356 341 2421 sed
371 2354 452 2421 hace
483 2357 572 2420 intra
602 2355 766 2440 privatum
796 2356 921 2420 valent:
952 2377 1026 2421 oum
1053 2358 1088 2420 in

126 2445 293 2528 publicum
321 2445 477 2509 veneritis
509 2447 543 2509 ct
570 2445 605 2508 in
628 2466 788 2530 campum,
815 2444 1016 2527 spectabitur
1041 2445 1088 2510 in-
1107 2463 1141 2510 25

125 2534 286 2616 nocentia,
309 2533 397 2597 fides.
427 2532 568 2598 forsitan
590 2535 716 2617 gratiae
739 2554 865 2616 qnoque
887 2553 954 2596 uon
972 2554 1089 2617 parum

125 2622 221 2687 nobis
249 2621 356 2686 adfert
383 2622 456 2704 ipsu
477 2622 635 2704 tenuitas,
666 2621 722 2686 ubi
749 2619 907 2684 tabellam
929 2642 1088 2704 pauperes

124 2705 247 2795 ferunt3
266 2714 338 2774 tum
352 2710 442 2774 subit
454 2711 554 2774 tacita
572 2729 731 2795 quemque
745 2709 903 2794 cogitatio
917 2709 1089 2792 superbiae

124 2804 264 2882 rosnae,
286 2801 358 2862 tum
381 2798 540 2880 omnium,
568 2820 650 2883 quas
673 2799 810 2882 singulis
832 2796 955 2880 facitis,
977 2798 1089 2862 iniuri-

124 2909 226 2952 arum.
281 2890 427 2951 attamen
459 2887 495 2950 in
530 2887 660 2970 ceteris,
695 2891 843 2970 petentes
875 2887 1087 2972 magistratus
1106 2905 1140 2953 30

161 3015 176 3062 l
195 3007 300 3062 accidit
316 3012 362 3060 10
375 3010 386 3075 fl
398 3006 570 3080 2⁸<dubiis>
575 3023 647 3088 πμ
657 3007 731 3062 fortc
740 3007 880 3078 (calidius
889 3009 930 3061 νεῖ
940 3007 1090 3080 cupidius>

124 3095 184 3148 arg.
202 3079 248 3133 Ro
266 3081 279 3148 1
298 3085 314 3132 3
332 3079 352 3133 l.
371 3077 536 3146 difficilique
554 3095 625 3132 coni
645 3083 746 3142 nnc,
766 3080 784 3132 l.
803 3080 834 3132 et
851 3077 962 3132 difficili
980 3094 998 3132 a
1016 3080 1089 3133 coni.

124 3154 164 3202 Ab
176 3152 219 3219 15
236 3149 316 3204 fama
332 3149 404 3204 mihi
420 3152 493 3216 ΒΗ
513 3149 579 3217 quia
596 3149 663 3204 fidei
681 3153 722 3202 Aa
734 3151 743 3217 ΙΙ
756 3149 865 3216 iurique
883 3149 1002 3204 iurando
1021 3149 1091 3220 Sciet}

125 3223 313 3276 catomo
339 3222 349 3289 ῃ
377 3227 409 3274 13
427 3225 622 3287 τθηιΔῃειι
639 3223 712 3290 Ab!
739 3227 772 3273 17
791 3224 880 3274 neoc
907 3221 916 3288 ΙΙ
944 3220 1090 3290 indignare

125 3293 245 3360 Alllss
262 3291 328 3360 plus
346 3307 457 3360 semper
472 3307 500 3360 p.
518 3293 610 3358 3119
629 3294 745 3360 possent
762 3295 815 3354 Δι,
833 3290 886 3359 put
904 3295 925 3344 B
946 3292 1009 3359 123
1027 3308 1086 3361 per·

126 3362 384 3502 semro
399 3362 836 3504 susurrasset
851 3378 907 3484 a
925 3361 955 3416 u
974 3368 1000 3428 u

180 3531 322 3581 Qnmuinni
336 3531 401 3582 dect,
415 3531 450 3573 ed.
465 3531 546 3572 aista.
912 3527 928 3574 3
